@article{Finstad:2018wid,
      author         = "Finstad, Daniel and De, Soumi and Brown, Duncan A. and
                        Berger, Edo and Biwer, Christopher M.",
      title          = "{Measuring the viewing angle of GW170817 with
                        electromagnetic and gravitational waves}",
      journal        = "Astrophys. J.",
      volume         = "860",
      year           = "2018",
      number         = "1",
      pages          = "L2",
      doi            = "10.3847/2041-8213/aac6c1",
      eprint         = "1804.04179",
      archivePrefix  = "arXiv",
      primaryClass   = "astro-ph.HE",
      SLACcitation   = "%%CITATION = ARXIV:1804.04179;%%"
}

@article{Bhagwat:2017tkm,
      author         = "Bhagwat, Swetha and Okounkova, Maria and Ballmer, Stefan
                        W. and Brown, Duncan A. and Giesler, Matthew and Scheel,
                        Mark A. and Teukolsky, Saul A.",
      title          = "{On choosing the start time of binary black hole
                        ringdowns}",
      journal        = "Phys. Rev.",
      volume         = "D97",
      year           = "2018",
      number         = "10",
      pages          = "104065",
      doi            = "10.1103/PhysRevD.97.104065",
      eprint         = "1711.00926",
      archivePrefix  = "arXiv",
      primaryClass   = "gr-qc",
      SLACcitation   = "%%CITATION = ARXIV:1711.00926;%%"
}

@article{Viets:2017yvy,
      author         = "Viets, Aaron and others",
      title          = "{Reconstructing the calibrated strain signal in the
                        Advanced LIGO detectors}",
      journal        = "Class. Quant. Grav.",
      volume         = "35",
      year           = "2018",
      number         = "9",
      pages          = "095015",
      doi            = "10.1088/1361-6382/aab658",
      eprint         = "1710.09973",
      archivePrefix  = "arXiv",
      primaryClass   = "astro-ph.IM",
      SLACcitation   = "%%CITATION = ARXIV:1710.09973;%%"
}

@article{Abbott:2017gyy,
      author         = "Abbott, B. P. and others",
      title          = "{GW170608: Observation of a 19-solar-mass Binary Black
                        Hole Coalescence}",
      collaboration  = "Virgo, LIGO Scientific",
      journal        = "Astrophys. J.",
      volume         = "851",
      year           = "2017",
      number         = "2",
      pages          = "L35",
      doi            = "10.3847/2041-8213/aa9f0c",
      eprint         = "1711.05578",
      archivePrefix  = "arXiv",
      primaryClass   = "astro-ph.HE",
      reportNumber   = "LIGO-DOCUMENT-P170608-V8",
      SLACcitation   = "%%CITATION = ARXIV:1711.05578;%%"
}

@article{Monitor:2017mdv,
      author         = "Abbott, B. P. and others",
      title          = "{Gravitational Waves and Gamma-rays from a Binary Neutron
                        Star Merger: GW170817 and GRB 170817A}",
      collaboration  = "Virgo, Fermi-GBM, INTEGRAL, LIGO Scientific",
      journal        = "Astrophys. J.",
      volume         = "848",
      year           = "2017",
      number         = "2",
      pages          = "L13",
      doi            = "10.3847/2041-8213/aa920c",
      eprint         = "1710.05834",
      archivePrefix  = "arXiv",
      primaryClass   = "astro-ph.HE",
      reportNumber   = "LIGO-P1700308",
      SLACcitation   = "%%CITATION = ARXIV:1710.05834;%%"
}


@article{TheLIGOScientific:2017qsa,
      author         = "Abbott, Benjamin P. and others",
      title          = "{GW170817: Observation of Gravitational Waves from a
                        Binary Neutron Star Inspiral}",
      collaboration  = "Virgo, LIGO Scientific",
      journal        = "Phys. Rev. Lett.",
      volume         = "119",
      year           = "2017",
      pages          = "161101",
      doi            = "10.1103/PhysRevLett.119.161101",
      eprint         = "1710.05832",
      archivePrefix  = "arXiv",
      primaryClass   = "gr-qc",
      reportNumber   = "LIGO-P170817",
      SLACcitation   = "%%CITATION = ARXIV:1710.05832;%%"
}

@article{Cahillane:2017vkb,
      author         = "Cahillane, Craig and Betzwieser, Joe and Brown, Duncan A. and others",
      title          = "{Calibration uncertainty for Advanced LIGOâ€™s first and
                        second observing runs}",
      collaboration  = "LIGO Scientific",
      journal        = "Phys. Rev.",
      volume         = "D96",
      year           = "2017",
      number         = "10",
      pages          = "102001",
      doi            = "10.1103/PhysRevD.96.102001",
      eprint         = "1708.03023",
      archivePrefix  = "arXiv",
      primaryClass   = "astro-ph.IM",
      SLACcitation   = "%%CITATION = ARXIV:1708.03023;%%"
}

@article{Fong:2017ekk,
      author         = "Fong, W. and others",
      title          = "{The Electromagnetic Counterpart of the Binary Neutron
                        Star Merger LIGO/VIRGO GW170817. VIII. A Comparison to
                        Cosmological Short-duration Gamma-ray Bursts}",
      journal        = "Astrophys. J.",
      volume         = "848",
      year           = "2017",
      number         = "2",
      pages          = "L23",
      doi            = "10.3847/2041-8213/aa9018",
      eprint         = "1710.05438",
      archivePrefix  = "arXiv",
      primaryClass   = "astro-ph.HE",
      reportNumber   = "FERMILAB-PUB-17-498-AE-CD",
      SLACcitation   = "%%CITATION = ARXIV:1710.05438;%%"
}

@article{Blanchard:2017csd,
      author         = "Blanchard, P. K. and others",
      title          = "{The Electromagnetic Counterpart of the Binary Neutron
                        Star Merger LIGO/VIRGO GW170817. VII. Properties of the
                        Host Galaxy and Constraints on the Merger Timescale}",
      journal        = "Astrophys. J.",
      volume         = "848",
      year           = "2017",
      number         = "2",
      pages          = "L22",
      doi            = "10.3847/2041-8213/aa9055",
      eprint         = "1710.05458",
      archivePrefix  = "arXiv",
      primaryClass   = "astro-ph.HE",
      reportNumber   = "FERMILAB-PUB-17-473-A-AE-CD",
      SLACcitation   = "%%CITATION = ARXIV:1710.05458;%%"
}

@article{Alexander:2017aly,
      author         = "Alexander, K. D. and others",
      title          = "{The Electromagnetic Counterpart of the Binary Neutron
                        Star Merger LIGO/VIRGO GW170817. VI. Radio Constraints on
                        a Relativistic Jet and Predictions for Late-Time Emission
                        from the Kilonova Ejecta}",
      journal        = "Astrophys. J.",
      volume         = "848",
      year           = "2017",
      number         = "2",
      pages          = "L21",
      doi            = "10.3847/2041-8213/aa905d",
      eprint         = "1710.05457",
      archivePrefix  = "arXiv",
      primaryClass   = "astro-ph.HE",
      reportNumber   = "FERMILAB-PUB-17-474-A-AE-CD",
      SLACcitation   = "%%CITATION = ARXIV:1710.05457;%%"
}

@article{Margutti:2017cjl,
      author         = "Margutti, Raffaella and others",
      title          = "{The Electromagnetic Counterpart of the Binary Neutron
                        Star Merger LIGO/VIRGO GW170817. V. Rising X-ray Emission
                        from an Off-Axis Jet}",
      journal        = "Astrophys. J.",
      volume         = "848",
      year           = "2017",
      number         = "2",
      pages          = "L20",
      doi            = "10.3847/2041-8213/aa9057",
      eprint         = "1710.05431",
      archivePrefix  = "arXiv",
      primaryClass   = "astro-ph.HE",
      reportNumber   = "FERMILAB-PUB-17-499-A-AE-CD",
      SLACcitation   = "%%CITATION = ARXIV:1710.05431;%%"
}

@article{Chornock:2017sdf,
      author         = "Chornock, R. and others",
      title          = "{The Electromagnetic Counterpart of the Binary Neutron
                        Star Merger LIGO/VIRGO GW170817. IV. Detection of
                        Near-infrared Signatures of r-process Nucleosynthesis with
                        Gemini-South}",
      journal        = "Astrophys. J.",
      volume         = "848",
      year           = "2017",
      number         = "2",
      pages          = "L19",
      doi            = "10.3847/2041-8213/aa905c",
      eprint         = "1710.05454",
      archivePrefix  = "arXiv",
      primaryClass   = "astro-ph.HE",
      reportNumber   = "FERMILAB-PUB-17-497-A-AE-CD",
      SLACcitation   = "%%CITATION = ARXIV:1710.05454;%%"
}

@article{Nicholl:2017ahq,
      author         = "Nicholl, M. and others",
      title          = "{The Electromagnetic Counterpart of the Binary Neutron
                        Star Merger LIGO/VIRGO GW170817. III. Optical and UV
                        Spectra of a Blue Kilonova From Fast Polar Ejecta}",
      journal        = "Astrophys. J.",
      volume         = "848",
      year           = "2017",
      number         = "2",
      pages          = "L18",
      doi            = "10.3847/2041-8213/aa9029",
      eprint         = "1710.05456",
      archivePrefix  = "arXiv",
      primaryClass   = "astro-ph.HE",
      reportNumber   = "FERMILAB-PUB-17-475-AE-CD",
      SLACcitation   = "%%CITATION = ARXIV:1710.05456;%%"
}

@article{Cowperthwaite:2017dyu,
      author         = "Cowperthwaite, P. S. and others",
      title          = "{The Electromagnetic Counterpart of the Binary Neutron
                        Star Merger LIGO/VIRGO GW170817. II. UV, Optical, and
                        Near-IR Light Curves and Comparison to Kilonova Models}",
      journal        = "Astrophys. J.",
      volume         = "848",
      year           = "2017",
      number         = "2",
      pages          = "L17",
      doi            = "10.3847/2041-8213/aa8fc7",
      eprint         = "1710.05840",
      archivePrefix  = "arXiv",
      primaryClass   = "astro-ph.HE",
      SLACcitation   = "%%CITATION = ARXIV:1710.05840;%%"
}


@article{Soares-Santos:2017lru,
      author         = "Soares-Santos, M. and others",
      title          = "{The Electromagnetic Counterpart of the Binary Neutron
                        Star Merger LIGO/Virgo GW170817. I. Dark Energy Camera
                        Discovery of the Optical Counterpart}",
      collaboration  = "DES",
      journal        = "Astrophys. J.",
      volume         = "848",
      year           = "2017",
      number         = "2",
      pages          = "L16",
      doi            = "10.3847/2041-8213/aa9059",
      eprint         = "1710.05459",
      archivePrefix  = "arXiv",
      primaryClass   = "astro-ph.HE",
      reportNumber   = "FERMILAB-PUB-17-454-AE-CD-PPD",
      SLACcitation   = "%%CITATION = ARXIV:1710.05459;%%"
}


@article{Abbott:2017xzu,
      author         = "Abbott, B. P. and others",
      title          = "{A gravitational-wave standard siren measurement of the
                        Hubble constant}",
      collaboration  = "The LIGO Scientific  and The Virgo, The Las Cumbres
                        Observatory, The 1M2H, The DLT40, The MASTER, The
                        VINROUGE, The Dark Energy Camera GW-EM  and the DES",
      journal        = "Nature",
      year           = "2017",
      doi            = "10.1038/nature24471",
      eprint         = "1710.05835",
      archivePrefix  = "arXiv",
      primaryClass   = "astro-ph.CO",
      reportNumber   = "LIGO-P1700296",
      SLACcitation   = "%%CITATION = ARXIV:1710.05835;%%"
}

@article{GBM:2017lvd,
      author         = "Abbott, B. P. and others",
      title          = "{Multi-messenger Observations of a Binary Neutron Star
                        Merger}",
      collaboration  = "Transient Robotic Observatory of the South, The 1M2H
                        Team, Virgo, Euro VLBI Team, The VINROUGE, IceCube,
                        GRAvitational Wave Inaf TeAm, CAASTRO s, Pi of the Sky,
                        MASTER, The Swift, The CALET, AstroSat Cadmium Zinc
                        Telluride Imager Team, The BOOTES, The Fermi Large Area
                        Telescope, IKI-GW Follow-up, The DLT40, HAWC, AGILE Team,
                        University The Chandra Team at McGill, ALMA, NuSTAR s,
                        LIGO Scientific, the DES, LOFAR, IPN, The Insight-Hxmt,
                        The MAXI Team, ANTARES, KU, The Dark Energy Camera GW-EM,
                        The Pierre Auger, H. E. S. S.",
      journal        = "Astrophys. J.",
      volume         = "848",
      year           = "2017",
      pages          = "L12",
      doi            = "10.3847/2041-8213/aa91c9",
      eprint         = "1710.05833",
      archivePrefix  = "arXiv",
      primaryClass   = "astro-ph.HE",
      reportNumber   = "LIGO-P1700294",
      SLACcitation   = "%%CITATION = ARXIV:1710.05833;%%"
}

@article{Abbott:2017oio,
      author         = "Abbott, Benjamin P. and others",
      title          = "{GW170814: A Three-Detector Observation of Gravitational
                        Waves from a Binary Black Hole Coalescence}",
      collaboration  = "Virgo, LIGO Scientific",
      journal        = "Phys. Rev. Lett.",
      volume         = "119",
      year           = "2017",
      number         = "14",
      pages          = "141101",
      doi            = "10.1103/PhysRevLett.119.141101",
      eprint         = "1709.09660",
      archivePrefix  = "arXiv",
      primaryClass   = "gr-qc",
      SLACcitation   = "%%CITATION = ARXIV:1709.09660;%%"
}

@article{Nitz:2017svb,
      author         = "Nitz, Alexander H. and Dent, Thomas and Dal Canton, Tito
                        and Fairhurst, Stephen and Brown, Duncan A.",
      title          = "{Detecting binary compact-object mergers with
                        gravitational waves: Understanding and Improving the
                        sensitivity of the PyCBC search}",
      journal        = "Astrophys. J.",
      volume         = "849",
      year           = "2017",
      number         = "2",
      pages          = "118",
      doi            = "10.3847/1538-4357/aa8f50",
      eprint         = "1705.01513",
      archivePrefix  = "arXiv",
      primaryClass   = "gr-qc",
      reportNumber   = "LIGO-P1700088-V4",
      SLACcitation   = "%%CITATION = ARXIV:1705.01513;%%"
}

@article{Weitzel:2017ocs,
      author         = "Weitzel, Derek and Bockelman, Brian and Brown, Duncan A.
                        and Couvares, Peter and WÃ¼rthwein, Frank and Fajardo
                        Hernandez, Edgar",
 title = {Data Access for LIGO on the OSG},
 booktitle = {Proceedings of the Practice and Experience in Advanced Research Computing 2017 on Sustainability, Success and Impact},
 series = {PEARC17},
 year = {2017},
 isbn = {978-1-4503-5272-7},
 location = {New Orleans, LA, USA},
 pages = {24:1--24:6},
 articleno = {24},
 numpages = {6},
 url = {http://doi.acm.org/10.1145/3093338.3093363},
 doi = {10.1145/3093338.3093363},
 acmid = {3093363},
 publisher = {ACM},
 address = {New York, NY, USA},
 keywords = {CVMFS, LIGO, OSG, XRootD, caching, distributed data access},
      eprint         = "1705.06202",
      archivePrefix  = "arXiv",
      primaryClass   = "cs.DC",
}

@article{Abbott:2017vtc,
      author         = "Abbott, Benjamin P. and others",
      title          = "{GW170104: Observation of a 50-Solar-Mass Binary Black
                        Hole Coalescence at Redshift 0.2}",
      collaboration  = "VIRGO, LIGO Scientific",
      journal        = "Phys. Rev. Lett.",
      volume         = "118",
      year           = "2017",
      number         = "22",
      pages          = "221101",
      doi            = "10.1103/PhysRevLett.118.221101",
      eprint         = "1706.01812",
      archivePrefix  = "arXiv",
      primaryClass   = "gr-qc",
      reportNumber   = "LIGO-P170104",
      SLACcitation   = "%%CITATION = ARXIV:1706.01812;%%"
}

@article{Biwer:2016oyg,
      author         = "Biwer, C. and others",
      title          = "{Validating gravitational-wave detections: The Advanced
                        LIGO hardware injection system}",
      journal        = "Phys. Rev.",
      volume         = "D95",
      year           = "2017",
      number         = "6",
      pages          = "062002",
      doi            = "10.1103/PhysRevD.95.062002",
      eprint         = "1612.07864",
      archivePrefix  = "arXiv",
      primaryClass   = "astro-ph.IM",
      reportNumber   = "LIGO-P1600285",
      SLACcitation   = "%%CITATION = ARXIV:1612.07864;%%"
}

@article{Abbott:2016jsd,
      author         = "Abbott, B. P. and others",
      title          = "{Calibration of the Advanced LIGO detectors for the
                        discovery of the binary black-hole merger GW150914}",
      collaboration  = "LIGO Scientific",
      journal        = "Phys. Rev.",
      volume         = "D95",
      year           = "2017",
      number         = "6",
      pages          = "062003",
      doi            = "10.1103/PhysRevD.95.062003",
      eprint         = "1602.03845",
      archivePrefix  = "arXiv",
      primaryClass   = "gr-qc",
      SLACcitation   = "%%CITATION = ARXIV:1602.03845;%%"
}

@article{Abbott:2016cjt,
      author         = "Abbott, B. P. and others",
      title          = "{Search for Gravitational Waves Associated with Gamma-Ray
                        Bursts During the First Advanced LIGO Observing Run and
                        Implications for the Origin of GRB 150906B}",
      collaboration  = "Virgo, IPN, LIGO Scientific",
      journal        = "Astrophys. J.",
      volume         = "841",
      year           = "2017",
      number         = "2",
      pages          = "89",
      doi            = "10.3847/1538-4357/aa6c47",
      eprint         = "1611.07947",
      archivePrefix  = "arXiv",
      primaryClass   = "astro-ph.HE",
      reportNumber   = "P1600298",
      SLACcitation   = "%%CITATION = ARXIV:1611.07947;%%"
}

@article{Bhagwat:2016ntk,
      author         = "Bhagwat, Swetha and Brown, Duncan A. and Ballmer, Stefan
                        W.",
      title          = "{Spectroscopic analysis of stellar mass black-hole
                        mergers in our local universe with ground-based
                        gravitational wave detectors}",
      journal        = "Phys. Rev.",
      volume         = "D94",
      year           = "2016",
      number         = "8",
      pages          = "084024",
      doi            = "10.1103/PhysRevD.94.084024",
      eprint         = "1607.07845",
      archivePrefix  = "arXiv",
      primaryClass   = "gr-qc",
      SLACcitation   = "%%CITATION = ARXIV:1607.07845;%%"
}

@article{Abbott:2016ymx,
      author         = "Abbott, Benjamin P. and others",
      title          = "{Upper Limits on the Rates of Binary Neutron Star and
                        Neutron Starâ€“black Hole Mergers From Advanced Ligoâ€™s
                        First Observing run}",
      collaboration  = "Virgo, LIGO Scientific",
      journal        = "Astrophys. J.",
      volume         = "832",
      year           = "2016",
      number         = "2",
      pages          = "L21",
      doi            = "10.3847/2041-8205/832/2/L21",
      eprint         = "1607.07456",
      archivePrefix  = "arXiv",
      primaryClass   = "astro-ph.HE",
      SLACcitation   = "%%CITATION = ARXIV:1607.07456;%%"
}

@article{Usman:2015kfa,
      author         = "Usman, Samantha A. and
      Nitz, Alexander H. and Harry, Ian W. and Biwer, Christopher M. and Brown,
      Duncan A.     and others",
      title          = "{The PyCBC search for gravitational waves from compact
                        binary coalescence}",
      journal        = "Class. Quant. Grav.",
      volume         = "33",
      year           = "2016",
      number         = "21",
      pages          = "215004",
      doi            = "10.1088/0264-9381/33/21/215004",
      eprint         = "1508.02357",
      archivePrefix  = "arXiv",
      primaryClass   = "gr-qc",
      reportNumber   = "LIGO-P1500086",
      SLACcitation   = "%%CITATION = ARXIV:1508.02357;%%"
}



@article{Abbott:2016bqf,
      author         = "Abbott, Benjamin P. and others",
      title          = "{The basic physics of the binary black hole merger
                        GW150914}",
      collaboration  = "Virgo, LIGO Scientific",
      journal        = "Annalen Phys.",
      year           = "2016",
      doi            = "10.1002/andp.201600209",
      eprint         = "1608.01940",
      archivePrefix  = "arXiv",
      primaryClass   = "gr-qc",
      SLACcitation   = "%%CITATION = ARXIV:1608.01940;%%"
}

@article{TheLIGOScientific:2016pea,
      author         = "Abbott, B. P. and others",
      title          = "{Binary Black Hole Mergers in the first Advanced LIGO
                        Observing Run}",
      collaboration  = "Virgo, LIGO Scientific",
      journal        = "Phys. Rev.",
      volume         = "X6",
      year           = "2016",
      number         = "4",
      pages          = "041015",
      doi            = "10.1103/PhysRevX.6.041015",
      eprint         = "1606.04856",
      archivePrefix  = "arXiv",
      primaryClass   = "gr-qc",
      reportNumber   = "LIGO-P1600088",
      SLACcitation   = "%%CITATION = ARXIV:1606.04856;%%"
}

@article{Abbott:2016apu,
      author         = "Abbott, B. P. and others",
      title          = "{Directly comparing GW150914 with numerical solutions of
                        Einsteinâ€™s equations for binary black hole coalescence}",
      collaboration  = "Virgo, LIGO Scientific",
      journal        = "Phys. Rev.",
      volume         = "D94",
      year           = "2016",
      number         = "6",
      pages          = "064035",
      doi            = "10.1103/PhysRevD.94.064035",
      eprint         = "1606.01262",
      archivePrefix  = "arXiv",
      primaryClass   = "gr-qc",
      reportNumber   = "LIGO-P1500263",
      SLACcitation   = "%%CITATION = ARXIV:1606.01262;%%"
}

@article{Abbott:2016nhf,
      author         = "Abbott, B. P. and others",
      title          = "{The Rate of Binary Black Hole Mergers Inferred from
                        Advanced LIGO Observations Surrounding GW150914}",
      collaboration  = "Virgo, LIGO Scientific",
      journal        = "Astrophys. J.",
      volume         = "833",
      year           = "2016",
      number         = "1",
      pages          = "L1",
      doi            = "10.3847/2041-8205/833/1/L1",
      eprint         = "1602.03842",
      archivePrefix  = "arXiv",
      primaryClass   = "astro-ph.HE",
      reportNumber   = "LIGO-P1500217",
      SLACcitation   = "%%CITATION = ARXIV:1602.03842;%%"
}

@article{Abbott:2016drs,
      author         = "Abbott, B. P. and others",
      title          = "{Supplement: The Rate of Binary Black Hole Mergers
                        Inferred from Advanced LIGO Observations Surrounding
                        GW150914}",
      collaboration  = "Virgo, LIGO Scientific",
      journal        = "Astrophys. J. Suppl.",
      volume         = "227",
      year           = "2016",
      number         = "2",
      pages          = "14",
      doi            = "10.3847/0067-0049/227/2/14",
      eprint         = "1606.03939",
      archivePrefix  = "arXiv",
      primaryClass   = "astro-ph.HE",
      reportNumber   = "LIGO-P1500217",
      SLACcitation   = "%%CITATION = ARXIV:1606.03939;%%"
}

@article{Abbott:2016izl,
      author         = "Abbott, B.â€‰P. and others",
      title          = "{Improved analysis of GW150914 using a fully
                        spin-precessing waveform Model}",
      collaboration  = "Virgo, LIGO Scientific",
      journal        = "Phys. Rev.",
      volume         = "X6",
      year           = "2016",
      number         = "4",
      pages          = "041014",
      doi            = "10.1103/PhysRevX.6.041014",
      eprint         = "1606.01210",
      archivePrefix  = "arXiv",
      primaryClass   = "gr-qc",
      reportNumber   = "LIGO-P1600048",
      SLACcitation   = "%%CITATION = ARXIV:1606.01210;%%"
}

@article{Abbott:2016nmj,
      author         = "Abbott, B. P. and others",
      title          = "{GW151226: Observation of Gravitational Waves from a
                        22-Solar-Mass Binary Black Hole Coalescence}",
      collaboration  = "Virgo, LIGO Scientific",
      journal        = "Phys. Rev. Lett.",
      volume         = "116",
      year           = "2016",
      number         = "24",
      pages          = "241103",
      doi            = "10.1103/PhysRevLett.116.241103",
      eprint         = "1606.04855",
      archivePrefix  = "arXiv",
      primaryClass   = "gr-qc",
      reportNumber   = "LIGO-P151226",
      SLACcitation   = "%%CITATION = ARXIV:1606.04855;%%"
}

@article{Cowperthwaite:2016shk,
      author         = "Cowperthwaite, P. S. and others",
      title          = "{A DECam Search for an Optical Counterpart to the LIGO
                        Gravitational Wave Event GW151226}",
      collaboration  = "DES",
      journal        = "Astrophys. J.",
      volume         = "826",
      year           = "2016",
      pages          = "L29",
      doi            = "10.3847/2041-8205/826/2/L29",
      eprint         = "1606.04538",
      archivePrefix  = "arXiv",
      primaryClass   = "astro-ph.HE",
      reportNumber   = "FERMILAB-PUB-16-218-AE-PPD",
      SLACcitation   = "%%CITATION = ARXIV:1606.04538;%%"
}

@article{Abbott:2016gcq,
      author         = "Abbott, B. P. and others",
      title          = "{Localization and broadband follow-up of the
                        gravitational-wave transient GW150914}",
      collaboration  = "InterPlanetary Network, DES, INTEGRAL, La Silla-QUEST
                        Survey, MWA, Fermi-LAT, J-GEM, DEC, GRAWITA, Pi of the
                        Sky, Fermi GBM, MASTER, Swift, iPTF, VISTA, ASKAP,
                        SkyMapper, PESSTO, TOROS, Pan-STARRS, Virgo, Liverpool
                        Telescope, BOOTES, LIGO Scientific, LOFAR, C2PU, MAXI",
      journal        = "Astrophys. J.",
      volume         = "826",
      year           = "2016",
      number         = "1",
      pages          = "L13",
      doi            = "10.3847/2041-8205/826/1/L13",
      eprint         = "1602.08492",
      archivePrefix  = "arXiv",
      primaryClass   = "astro-ph.HE",
      reportNumber   = "LIGO-P1500227, LIGO-P1500227-V11,
                        FERMILAB-PUB-16-148-AE-E, LIGO-P1500227-V12",
      SLACcitation   = "%%CITATION = ARXIV:1602.08492;%%"
}

@article{Abbott:2016iqz,
      author         = "Abbott, B. P. and others",
      title          = "{Supplement: Localization and broadband follow-up of the
                        gravitational-wave transient GW150914}",
      collaboration  = "InterPlanetary Network, DES, INTEGRAL, La Silla-QUEST
                        Survey, MWA, Fermi-LAT, J-GEM, DEC, Zadko, GRAWITA, Pi of
                        the Sky, MASTER, Swift, iPTF, VISTA, ASKAP, SkyMapper,
                        PESSTO, TOROS, Pan-STARRS, Virgo, Algerian National
                        Observatory, Liverpool Telescope, BOOTES, LIGO Scientific,
                        LOFAR, TAROT, C2PU, MAXI, Fermi-GBM",
      journal        = "Astrophys. J. Suppl.",
      volume         = "225",
      year           = "2016",
      number         = "1",
      pages          = "8",
      doi            = "10.3847/0067-0049/225/1/8",
      eprint         = "1604.07864",
      archivePrefix  = "arXiv",
      primaryClass   = "astro-ph.HE",
      reportNumber   = "LIGO-P1600137-V1, FERMILAB-PUB-16-149-AE-E,
                        LIGO-P1600137-V2",
      SLACcitation   = "%%CITATION = ARXIV:1604.07864;%%"
}

@article{Soares-Santos:2016qeb,
      author         = "Soares-Santos, M. and others",
      title          = "{A Dark Energy Camera Search for an Optical Counterpart
                        to the First Advanced LIGO Gravitational Wave Event
                        GW150914}",
      collaboration  = "DES",
      journal        = "Astrophys. J.",
      volume         = "823",
      year           = "2016",
      number         = "2",
      pages          = "L33",
      doi            = "10.3847/2041-8205/823/2/L33",
      eprint         = "1602.04198",
      archivePrefix  = "arXiv",
      primaryClass   = "astro-ph.CO",
      reportNumber   = "FERMILAB-PUB-16-031-AE-PPD",
      SLACcitation   = "%%CITATION = ARXIV:1602.04198;%%"
}

@article{Abbott:2016apu,
      author         = "Abbott, B. P. and others",
      title          = "{Directly comparing GW150914 with numerical solutions of
                        Einstein's equations for binary black hole coalescence}",
      collaboration  = "Virgo, LIGO Scientific",
      journal        = "Phys. Rev.",
      volume         = "D94",
      year           = "2016",
      pages          = "064035",
      doi            = "10.1103/PhysRevD.94.064035",
      eprint         = "1606.01262",
      archivePrefix  = "arXiv",
      primaryClass   = "gr-qc",
      reportNumber   = "LIGO-P1500263",
      SLACcitation   = "%%CITATION = ARXIV:1606.01262;%%"
}



@article{TheLIGOScientific:2016src,
      author         = "Abbott, B. P. and others",
      title          = "{Tests of general relativity with GW150914}",
      collaboration  = "Virgo, LIGO Scientific",
      journal        = "Phys. Rev. Lett.",
      volume         = "116",
      year           = "2016",
      number         = "22",
      pages          = "221101",
      doi            = "10.1103/PhysRevLett.116.221101",
      eprint         = "1602.03841",
      archivePrefix  = "arXiv",
      primaryClass   = "gr-qc",
      reportNumber   = "LIGO-P1500213",
      SLACcitation   = "%%CITATION = ARXIV:1602.03841;%%"
}

@article{TheLIGOScientific:2016zmo,
      author         = "Abbott, B. P. and others",
      title          = "{Characterization of transient noise in Advanced LIGO
                        relevant to gravitational wave signal GW150914}",
      collaboration  = "Virgo, LIGO Scientific",
      journal        = "Class. Quant. Grav.",
      volume         = "33",
      year           = "2016",
      number         = "13",
      pages          = "134001",
      doi            = "10.1088/0264-9381/33/13/134001",
      eprint         = "1602.03844",
      archivePrefix  = "arXiv",
      primaryClass   = "gr-qc",
      SLACcitation   = "%%CITATION = ARXIV:1602.03844;%%"
}
@article{TheLIGOScientific:2016uux,
      author         = "Abbott, B. P. and others",
      title          = "{Observing gravitational-wave transient GW150914 with
                        minimal assumptions}",
      collaboration  = "Virgo, LIGO Scientific",
      journal        = "Phys. Rev.",
      volume         = "D93",
      year           = "2016",
      number         = "12",
      pages          = "122004",
      doi            = "10.1103/PhysRevD.93.122004",
      eprint         = "1602.03843",
      archivePrefix  = "arXiv",
      primaryClass   = "gr-qc",
      SLACcitation   = "%%CITATION = ARXIV:1602.03843;%%"
}

@article{TheLIGOScientific:2016wfe,
      author         = "Abbott, B. P. and others",
      title          = "{Properties of the Binary Black Hole Merger GW150914}",
      collaboration  = "Virgo, LIGO Scientific",
      journal        = "Phys. Rev. Lett.",
      volume         = "116",
      year           = "2016",
      number         = "24",
      pages          = "241102",
      doi            = "10.1103/PhysRevLett.116.241102",
      eprint         = "1602.03840",
      archivePrefix  = "arXiv",
      primaryClass   = "gr-qc",
      reportNumber   = "LIGO-P1500218",
      SLACcitation   = "%%CITATION = ARXIV:1602.03840;%%"
}
@article{TheLIGOScientific:2016qqj,
      author         = "Abbott, B. P. and others",
      title          = "{GW150914: First results from the search for binary black
                        hole coalescence with Advanced LIGO}",
      collaboration  = "Virgo, LIGO Scientific",
      journal        = "Phys. Rev.",
      volume         = "D93",
      year           = "2016",
      number         = "12",
      pages          = "122003",
      doi            = "10.1103/PhysRevD.93.122003",
      eprint         = "1602.03839",
      archivePrefix  = "arXiv",
      primaryClass   = "gr-qc",
      reportNumber   = "LIGO-P1500269",
      SLACcitation   = "%%CITATION = ARXIV:1602.03839;%%"
}
@article{TheLIGOScientific:2016agk,
      author         = "Abbott, B. P. and others",
      title          = "{GW150914: The Advanced LIGO Detectors in the Era of
                        First Discoveries}",
      collaboration  = "Virgo, LIGO Scientific",
      journal        = "Phys. Rev. Lett.",
      volume         = "116",
      year           = "2016",
      number         = "13",
      pages          = "131103",
      doi            = "10.1103/PhysRevLett.116.131103",
      eprint         = "1602.03838",
      archivePrefix  = "arXiv",
      primaryClass   = "gr-qc",
      reportNumber   = "LIGO-P1500237",
      SLACcitation   = "%%CITATION = ARXIV:1602.03838;%%"
}


@article{Abbott:2016blz,
      author         = "Abbott, B. P. and others",
      title          = "{Observation of Gravitational Waves from a Binary Black
                        Hole Merger}",
      collaboration  = "Virgo, LIGO Scientific",
      journal        = "Phys. Rev. Lett.",
      volume         = "116",
      year           = "2016",
      number         = "6",
      pages          = "061102",
      doi            = "10.1103/PhysRevLett.116.061102",
      eprint         = "1602.03837",
      archivePrefix  = "arXiv",
      primaryClass   = "gr-qc",
      reportNumber   = "LIGO-P150914",
      SLACcitation   = "%%CITATION = ARXIV:1602.03837;%%"
}

@article{TheLIGOScientific:2016htt,
      author         = "Abbott, B. P. and others",
      title          = "{Astrophysical Implications of the Binary Black-Hole
                        Merger GW150914}",
      collaboration  = "Virgo, LIGO Scientific",
      journal        = "Astrophys. J.",
      volume         = "818",
      year           = "2016",
      number         = "2",
      pages          = "L22",
      doi            = "10.3847/2041-8205/818/2/L22",
      eprint         = "1602.03846",
      archivePrefix  = "arXiv",
      primaryClass   = "astro-ph.HE",
      reportNumber   = "LIGO-P1500262",
      SLACcitation   = "%%CITATION = ARXIV:1602.03846;%%"
}

@article{Barkett:2015wia,
      author         = "Barkett, Kevin and others",
      title          = "{Gravitational waveforms for neutron star binaries from
                        binary black hole simulations}",
      journal        = "Phys. Rev.",
      volume         = "D93",
      year           = "2016",
      number         = "4",
      pages          = "044064",
      doi            = "10.1103/PhysRevD.93.044064",
      eprint         = "1509.05782",
      archivePrefix  = "arXiv",
      primaryClass   = "gr-qc",
      SLACcitation   = "%%CITATION = ARXIV:1509.05782;%%"
}

@article{Aasi:2013wya,
      author         = "Aasi, J. and others",
      title          = "{Prospects for Observing and Localizing
                        Gravitational-Wave Transients with Advanced LIGO and
                        Advanced Virgo}",
      collaboration  = "VIRGO, LIGO Scientific",
      doi            = "10.1007/lrr-2016-1",
      journal        = "Living Rev. Rel.",
      volume         = 19,
      pages          = 1,
      year           = 2016,
      eprint         = "1304.0670",
      archivePrefix  = "arXiv",
      primaryClass   = "gr-qc",
      reportNumber   = "LIGO-P1200087, VIR-0288A-12",
      SLACcitation   = "%%CITATION = ARXIV:1304.0670;%%"
}

@article{Kumar:2015tha,
      author         = "Kumar, Prayush and Barkett, Kevin and Bhagwat, Swetha and
                        Afshari, Nousha and Brown, Duncan A. and Lovelace,
                        Geoffrey and Scheel, Mark A. and Szilagyi, Bela",
      title          = "{Accuracy and precision of gravitational-wave models of
                        inspiraling neutron star-black hole binaries with spin:
                        Comparison with matter-free numerical relativity in the
                        low-frequency regime}",
      journal        = "Phys. Rev.",
      volume         = "D92",
      year           = "2015",
      number         = "10",
      pages          = "102001",
      doi            = "10.1103/PhysRevD.92.102001",
      eprint         = "1507.00103",
      archivePrefix  = "arXiv",
      primaryClass   = "gr-qc",
      SLACcitation   = "%%CITATION = ARXIV:1507.00103;%%"
}

@article{Aasi:2014mqd,
      author         = "Aasi, J. and others",
      title          = "{Characterization of the LIGO detectors during their
                        sixth science run}",
      collaboration  = "LIGO Scientific, VIRGO",
      journal        = "Class. Quant. Grav.",
      number         = "11",
      volume         = "32",
      pages          = "115012",
      doi            = "10.1088/0264-9381/32/11/115012",
      year           = "2015",
      eprint         = "1410.7764",
      archivePrefix  = "arXiv",
      primaryClass   = "gr-qc",
      SLACcitation   = "%%CITATION = ARXIV:1410.7764;%%",
}


@article{Canton:2014ena,
      author         = "Dal Canton, Tito and Nitz, Alexander and Lundgren,
                        Andrew and Nielsen, Alex and Brown, Duncan A. and
                        others",
      title          = "{Implementing a search for aligned-spin neutron
                        star-black hole systems with advanced ground based
                        gravitational wave detectors}",
      journal        = "Phys.Rev.",
      number         = "8",
      volume         = "D90",
      pages          = "082004",
      doi            = "10.1103/PhysRevD.90.082004",
      year           = "2014",
      eprint         = "1405.6731",
      archivePrefix  = "arXiv",
      primaryClass   = "gr-qc",
      reportNumber   = "LIGO-P1400053",
      SLACcitation   = "%%CITATION = ARXIV:1405.6731;%%",
}


@article{Aasi:2014iia,
      author         = "Aasi, J. and others",
      title          = "{Search for gravitational waves associated with gamma-ray
                        bursts detected by the InterPlanetary Network}",
      collaboration  = "The LIGO Scientific Collaboration, the Virgo
                        Collaboration",
      journal        = "Phys.Rev.Lett.",
      volume         = "113",
      pages          = "011102",
      doi            = "10.1103/PhysRevLett.113.011102",
      year           = "2014",
      eprint         = "1403.6639",
      archivePrefix  = "arXiv",
      primaryClass   = "astro-ph.HE",
      reportNumber   = "LIGO-P1300226",
      SLACcitation   = "%%CITATION = ARXIV:1403.6639;%%",
}

@article{Aasi:2014tra,
      author         = "Aasi, J. and others",
      title          = "{The NINJA-2 project: Detecting and characterizing
                        gravitational waveforms modelled using numerical binary
                        black hole simulations}",
      collaboration  = "LIGO Scientific Collaboration, Virgo Collaboration,
                        NINJA-2 Collaboration",
      journal        = "Class.Quant.Grav.",
      volume         = "31",
      pages          = "115004",
      doi            = "10.1088/0264-9381/31/11/115004",
      year           = "2014",
      eprint         = "1401.0939",
      archivePrefix  = "arXiv",
      primaryClass   = "gr-qc",
      reportNumber   = "LIGO-P1300199",
      SLACcitation   = "%%CITATION = ARXIV:1401.0939;%%",
}


@article{Kumar:2013gwa,
      author         = "Kumar, Prayush and MacDonald, Ilana and Brown, Duncan A.
                        and Pfeiffer, Harald P. and Cannon, Kipp and others",
      title          = "{Template Banks for Binary black hole searches with
                        Numerical Relativity waveforms}",
      journal        = "Phys.Rev.",
      volume         = "D89",
      pages          = "042002",
      doi            = "10.1103/PhysRevD.89.042002",
      year           = "2014",
      eprint         = "1310.7949",
      archivePrefix  = "arXiv",
      primaryClass   = "gr-qc",
      reportNumber   = "LIGO-DOCUMENT-P1300176",
      SLACcitation   = "%%CITATION = ARXIV:1310.7949;%%",
}

@article{Aasi:2014bqj,
      author         = "Aasi, J. and others",
      title          = "{Search for gravitational wave ringdowns from perturbed
                        intermediate mass black holes in LIGO-Virgo data from
                        2005-2010}",
      collaboration  = "LIGO Scientific Collaboration, VIRGO Collaboration",
      journal        = "Phys.Rev.",
      volume         = "D89",
      pages          = "102006",
      doi            = "10.1103/PhysRevD.89.102006",
      year           = "2014",
      eprint         = "1403.5306",
      archivePrefix  = "arXiv",
      primaryClass   = "gr-qc",
      reportNumber   = "LIGO-P1300156",
      SLACcitation   = "%%CITATION = ARXIV:1403.5306;%%",
}

@article{Harry:2013tca,
      author         = "Harry, I.W. and Nitz, A.H. and Brown, Duncan A. and
                        Lundgren, A. and Ochsner, Evan and others",
      title          = "{Investigating the effect of precession on searches for
                        neutron-star-black-hole binaries with Advanced LIGO}",
      year           = "2014",
      journal        = "Phys.Rev.",
      volume         = "D89",
      pages          = "024010",
      doi            = "10.1103/PhysRevD.89.024010",
      year           = "2014"
}

@article{Nitz:2013mxa,
      author         = "Nitz, Alexander H. and Lundgren, Andrew and Brown, Duncan
                        A. and Ochsner, Evan and Keppel, Drew and others",
      title          = "{Accuracy of gravitational waveform models for observing
                        neutron-star--black-hole binaries in Advanced LIGO}",
      journal        = "Phys.Rev.",
      volume         = "D88",
      pages          = "124039",
      doi            = "10.1103/PhysRevD.88.124039",
      year           = "2013"
}

@article{Singer:2013xha,
      author         = "Singer, Leo P. and Cenko, S. Bradley and Kasliwal, Mansi
                        M. and Perley, Daniel A. and Ofek, Eran O. and Brown, Duncan A. and others",
      title          = "{Discovery and redshift of an optical afterglow in 71
                        square degrees iPTF13bxl and GRB 130702A}",
      year           = "2013",
      journal        = "Astrophys.J.",
      volume         = "776",
      pages          = "L34",
      doi            = "10.1088/2041-8205/776/2/L34"
}


@article{Hannam:2013uu,
      author         = "Hannam, Mark and Brown, Duncan A. and Fairhurst, Stephen
                        and Fryer, Chris L. and Harry, Ian W.",
      title          = "{When can gravitational-wave observations distinguish
                        between black holes and neutron stars?}",
      journal        = "Astrophys.J.",
      volume         = "766",
      pages          = "L14",
      doi            = "10.1088/2041-8205/766/1/L14",
      year           = "2013"
}

@article{Aasi:2013jjl,
      author         = "Aasi, J. and others",
      title          = "{Parameter estimation for compact binary coalescence
                        signals with the first generation gravitational-wave
                        detector network}",
      journal        = "Phys.Rev.",
      volume         = "D88",
      pages          = "062001",
      doi            = "10.1103/PhysRevD.88.062001",
      year           = "2013"
}


@article{Brown:2012nn,
      author         = "Brown, Duncan A. and Kumar, Prayush and Nitz, Alexander
                        H.",
      title          = "{Template banks to search for low-mass binary black holes
                        in advanced gravitational-wave detectors}",
      year           = "2013",
      journal        = "Phys.Rev.",
      volume         = "D87",
      pages          = "082004",
      doi            = "10.1103/PhysRevD.87.082004"
}

@article{Huerta:2013qb,
      author         = "Huerta, E.A. and Brown, Duncan A.",
      title          = "{Effect of eccentricity on binary neutron star searches
                        in Advanced LIGO}",
      journal        = "Phys. Rev.",
      volume         = "D87",
      pages          = "127501",
      doi            = "10.1103/PhysRevD.87.127501",
      year           = "2013",
}


@article{Babak:2012zx,
      author         = "Babak, S. and Biswas, R. and Brady, P.R. and Brown, D.A.
                        and Cannon, K. and others",
      title          = "{Searching for gravitational waves from binary
                        coalescence}",
      journal        = "Phys.Rev.",
      volume         = "D87",
      pages          = "024033",
      doi            = "10.1103/PhysRevD.87.024033",
      year           = "2013",
}


@article{Aasi:2012dr,
      author         = "Aasi, J. and others",
      title          = "{Search for Gravitational Waves from Binary Black Hole
                        Inspiral, Merger and Ringdown in LIGO-Virgo Data from
                        2009-2010}",
      collaboration  = "The LIGO Scientific Collaboration, the Virgo
                        Collaboration",
      year           = "2013",
  journal = {Phys. Rev.},
  volume = {D87},
  pages = {022002},

}

@article{Briggs:2012ce,
      author         = "{Briggs, M. S. and others}",
      title          = "{Search for gravitational waves associated with gamma-ray
                        bursts during LIGO science run 6 and Virgo science runs 2
                        and 3}",
      collaboration  = "LIGO Scientific Collaboration",
      year           = "2012",
      journal = {Astrophys. J.},
      volume         = "760",
      pages          = "12"
}


@article{Brown:2012qf,
  title = {Detecting binary neutron star systems with spin in advanced gravitational-wave detectors},
  author = {Brown, Duncan A. and Harry, Ian and Lundgren, Andrew and Nitz, Alexander H.},
  journal = {Phys. Rev.},
  volume = {D86},
  issue = {8},
  pages = {084017},
  numpages = {12},
  year = {2012}
}

@article{Brown:2012gs,
      author         = "Brown, Duncan A. and Lundgren, Andrew and O{ \'S}haughnessy R.",
      title          = "{Nonspinning searches for spinning binaries in
                        ground-based detector data: Amplitude and mismatch
                        predictions in the constant precession cone
                        approximation}",
      journal        = "{Phys. Rev.}",
      volume         = "D86",
      pages          = "064020",
      doi            = "10.1103/PhysRevD.86.064020",
      year           = "2012",
      eprint         = "1203.6060",
      archivePrefix  = "arXiv",
      primaryClass   = "gr-qc",
      SLACcitation   = "%%CITATION = ARXIV:1203.6060;%%",
}

@article{Aasi:2012wd,
      author         = "Aasi, J. and others",
      title          = "{The characterization of Virgo data and its impact on
                        gravitational-wave searches}",
      collaboration  = "VIRGO Collaboration",
      journal        = "{Class. Quant. Grav.}",
      volume         = "29",
      pages          = "155002",
      doi            = "10.1088/0264-9381/29/15/155002",
      year           = "2012",
      eprint         = "1203.5613",
      archivePrefix  = "arXiv",
      primaryClass   = "gr-qc",
      SLACcitation   = "%%CITATION = ARXIV:1203.5613;%%",
}


@article{Huerta:2012zy,
      author         = "Huerta, E. A. and Kumar, Prayush and Brown, Duncan A.",
      title          = "{Accurate modeling of intermediate-mass-ratio inspirals:
                        exploring the form of the self-force in the
                        intermediate-mass-ratio regime}",
      journal        = "Phys.Rev.",
      volume         = "D86",
      pages          = "024024",
      doi            = "10.1103/PhysRevD.86.024024",
      year           = "2012",
      eprint         = "1205.5562",
      archivePrefix  = "arXiv",
      primaryClass   = "gr-qc",
      SLACcitation   = "%%CITATION = ARXIV:1205.5562;%%",
}

@article{Huerta:2011zi,
      author         = "Huerta, E. A. and Gair, Jonathan R. and Brown, Duncan A.",
      title          = "{Importance of including small body spin effects in the
                        modelling of intermediate mass-ratio inspirals. II
                        Accurate parameter extraction of strong sources using
                        higher-order spin effects}",
      year           = "2012",
            journal        = "Phys.Rev.",
                  volume         = "D85",
                        pages          = "064023"
}

@Article{Abadie:2011nz,
     author    = "Abadie, J. and others",
     collaboration = "The LIGO Scientific",
     title     = "{Search for Gravitational Waves from Low Mass Compact
                  Binary Coalescence in LIGO's Sixth Science Run and Virgo's
                  Science Runs 2 and 3}",
      journal        = "Phys.Rev.",
            volume         = "D85",
                  pages          = "082002",
                              year           = "2012"

}

@Article{Allen:2005fk,
     author    = "Allen, Bruce and Anderson, Warren G. and Brady, Patrick R.
                  and Brown, Duncan A. and Creighton, Jolien D. E.",
     title     = "{FINDCHIRP: An algorithm for detection of gravitational
                  waves from  inspiraling compact binaries}",

      journal        = "Phys.Rev.",
            volume         = "D85",
                  pages          = "122006",
                              year           = "2012"
}

@article{Ajith:2012az,
      author         = "Ajith, P. and Boyle, Michael and Brown, Duncan A. and
                        Brugmann, Bernd and Buchman, Luisa T. and others",
      title          = "{The NINJA-2 catalog of hybrid
                        post-Newtonian/numerical-relativity waveforms for
                        non-precessing black-hole binaries}",
      journal        = "Class.Quant.Grav.",
      volume         = "29",
      pages          = "124001",
      year           = "2012"
}

@article{Abadie:2012bz,
      author         = "Abadie, J. and others",
      title          = "{Implications For The Origin Of GRB 051103 From LIGO
                        Observations}",
      collaboration  = "LIGO Scientific Collaboration",
      journal        = "Astrophys.J.",
      volume         = "755",
      pages          = "2",
      year           = "2012"
}


@article{Abadie:2011kd,
      author         = "Abadie, J. and others",
      title          = "{Search for gravitational waves from binary black hole
                        inspiral, merger and ringdown}",
      collaboration  = "The LIGO Scientific Collaboration and the Virgo
                        Collaboration, the Virgo Collaboration",
      journal        = "Phys. Rev.",
      volume         = "D83",
      pages          = "122005",
      doi            = "10.1103/PhysRevD.83.122005",
      year           = "2011",
      eprint         = "1102.3781",
      archivePrefix  = "arXiv",
      primaryClass   = "gr-qc",
}

@Article{Abadie:2010yba,
     author    = "Abadie, J. and others",
 collaboration = "LIGO Scientific",
     title     = "{Search for Gravitational Waves from Compact Binary
                  Coalescence in LIGO and Virgo Data from S5 and VSR1}",
     journal   = "Phys. Rev.",
     volume    = "D82",
     year      = "2010",
     pages     = "102001",
     eprint    = "1005.4655",
     archivePrefix = "arXiv",
     primaryClass  =  "gr-qc",
     doi       = "10.1103/PhysRevD.82.102001",
     SLACcitation  = "%%CITATION = 1005.4655;%%"
}

@Article{Slutsky:2010ff,
     author    = "Slutsky, J. and others",
     title     = "{Methods for Reducing False Alarms in Searches for Compact
                  Binary Coalescences in LIGO Data}",
     journal   = "Class. Quant. Grav.",
     volume    = "27",
     year      = "2010",
     pages     = "165023",
     eprint    = "1004.0998",
     archivePrefix = "arXiv",
     primaryClass  =  "gr-qc",
     doi       = "10.1088/0264-9381/27/16/165023",
     SLACcitation  = "%%CITATION = 1004.0998;%%"
}

@Article{:2010cfa,
     author    = "Abadie, J. and others",
 collaboration = "LIGO Scientific",
     title     = "{Predictions for the Rates of Compact Binary Coalescences
                  Observable by Ground-based Gravitational-wave Detectors}",
     journal   = "Class. Quant. Grav.",
     volume    = "27",
     year      = "2010",
     pages     = "173001",
     eprint    = "1003.2480",
     archivePrefix = "arXiv",
     primaryClass  =  "Unknown",
     doi       = "10.1088/0264-9381/27/17/173001",
     SLACcitation  = "%%CITATION = 1003.2480;%%"
}

@Article{:2010uf,
     author    = "Abadie, J. and others",
 collaboration = "LIGO Scientific",
     title     = "{Search for gravitational-wave inspiral signals associated
                  with short Gamma-Ray Bursts during LIGO's fifth and Virgo's
                  first science run}",
     journal   = "Astrophys. J.",
     volume    = "715",
     year      = "2010",
     pages     = "1453-1461",
     eprint    = "1001.0165",
     archivePrefix = "arXiv",
     primaryClass  =  "Unknown",
     doi       = "10.1088/0004-637X/715/2/1453",
     SLACcitation  = "%%CITATION = 1001.0165;%%"
}

@Article{Brown:2009ng,
  title = {Effect of eccentricity on searches for gravitational waves from coalescing compact binaries in ground-based detectors},
  author = {Brown, Duncan A. and Zimmerman, Peter J.},
  journal = {Phys. Rev. D},
  volume = {81},
  number = {2},
  pages = {024007},
  numpages = {11},
  year = {2010},
  doi = {10.1103/PhysRevD.81.024007},
  publisher = {American Physical Society}
}

@Article{Abbott:2009qj,
     author    = "Abbott, B. P. and others",
 collaboration = "LIGO Scientific",
     title     = "{Search for Gravitational Waves from Low Mass Compact
                  Binary Coalescence in 186 Days of LIGO's fifth Science
                  Run}",
     journal   = "Phys. Rev.",
     volume    = "D80",
     year      = "2009",
     pages     = "047101",
     eprint    = "0905.3710",
     archivePrefix = "arXiv",
     primaryClass  =  "gr-qc",
     doi       = "10.1103/PhysRevD.80.047101",
     SLACcitation  = "%%CITATION = 0905.3710;%%"
}

@Article{Abbott:2009km,
     author    = "Abbott, B. P. and others",
 collaboration = "LIGO Scientific",
     title     = "{Search for gravitational wave ringdowns from perturbed
                  black holes in LIGO S4 data}",
     journal   = "Phys. Rev.",
     volume    = "D80",
     year      = "2009",
     pages     = "062001",
     eprint    = "0905.1654",
     archivePrefix = "arXiv",
     primaryClass  =  "gr-qc",
     SLACcitation  = "%%CITATION = 0905.1654;%%"
}

@Article{Aylott:2009ya,
     author    = "Aylott, Benjamin and others",
     title     = "{Testing gravitational-wave searches with numerical
                  relativity waveforms: Results from the first Numerical
                  INJection Analysis (NINJA) project}",
     journal   = "Class. Quant. Grav.",
     volume    = "26",
     year      = "2009",
     pages     = "165008",
     eprint    = "0901.4399",
     archivePrefix = "arXiv",
     primaryClass  =  "gr-qc",
     doi       = "10.1088/0264-9381/26/16/165008",
     SLACcitation  = "%%CITATION = 0901.4399;%%"
}

@Article{VanDenBroeck:2009gd,
     author    = "Van Den Broeck, Chris and Brown, Duncan A and Cokelaer,
     Thomas and Harry, Ian and Jones, Gareth and Sathyaprakash, B. S. and
     Tagoshi, Hideyuki and Takahashi, Hirotaka",
     title     = "{Template banks to search for compact binaries with
                  spinning components in gravitational wave data}",
     journal   = "Phys. Rev.",
     volume    = "D80",
     year      = "2009",
     pages     = "024009",
     eprint    = "0904.1715",
     archivePrefix = "arXiv",
     primaryClass  =  "gr-qc",
     doi       = "10.1103/PhysRevD.80.024009",
     SLACcitation  = "%%CITATION = 0904.1715;%%"
}

@Article{Boyle:2009dg,
     author    = "Boyle, Michael and Brown, Duncan A. and Pekowsky, Larne",
     title     = "{Comparison of high-accuracy numerical simulations of
                  black-hole binaries with stationary phase post-Newtonian
                  template waveforms for Initial and Advanced LIGO}",
     journal   = "Class. Quant. Grav.",
     volume    = "26",
     year      = "2009",
     pages     = "114006",
     eprint    = "0901.1628",
     archivePrefix = "arXiv",
     primaryClass  =  "gr-qc",
     doi       = "10.1088/0264-9381/26/11/114006",
     SLACcitation  = "%%CITATION = 0901.1628;%%"
}

@Article{Aylott:2009tn,
     author    = "Cadonati, Laura and others",
     title     = "{Status of NINJA: the Numerical INJection Analysis
                  project}",
     journal   = "Class. Quant. Grav.",
     volume    = "26",
     year      = "2009",
     pages     = "114008",
     eprint    = "0905.4227",
     archivePrefix = "arXiv",
     primaryClass  =  "gr-qc",
     doi       = "10.1088/0264-9381/26/11/114008",
     SLACcitation  = "%%CITATION = 0905.4227;%%"
}

@Article{Abbott:2009tt,
     author    = "Abbott, B. P. and others",
 collaboration = "LIGO Scientific",
     title     = "{Search for Gravitational Waves from Low Mass Binary
                  Coalescences in the First Year of LIGO's S5 Data}",
     journal   = "Phys. Rev.",
     volume    = "D79",
     year      = "2009",
     pages     = "122001",
     eprint    = "0901.0302",
     archivePrefix = "arXiv",
     primaryClass  =  "gr-qc",
     doi       = "10.1103/PhysRevD.79.122001",
     SLACcitation  = "%%CITATION = 0901.0302;%%"
}

@article{0034-4885-72-7-076901,
  author={B P Abbott and others},
  title={LIGO: the Laser Interferometer Gravitational-Wave Observatory},
  journal={Reports on Progress in Physics},
  volume={72},
  number={7},
  pages={076901},
  year={2009},
}


@Article{Lindblom:2008cm,
     author    = "Lindblom, Lee and Owen, Benjamin J. and Brown, Duncan A.",
     title     = "{Model Waveform Accuracy Standards for Gravitational Wave
                  Data Analysis}",
     journal   = "Phys. Rev.",
     volume    = "D78",
     year      = "2008",
     pages     = "124020",
     eprint    = "0809.3844",
     archivePrefix = "arXiv",
     primaryClass  =  "gr-qc",
     doi       = "10.1103/PhysRevD.78.124020",
     SLACcitation  = "%%CITATION = 0809.3844;%%"
}


@ARTICLE{mandel-2008-681,
  author = {Ilya Mandel and Duncan A. Brown and Jonathan R. Gair and M.~Coleman Miller},
  title = {Rates and Characteristics of Intermediate Mass Ratio Inspirals   Detectable by Advanced LIGO},
  journal = "Astrophys. J.",
  volume = {681},
  pages = {1431},
  year = {2008}
}

@Article{Abbott:2007ai,
     author    = "Abbott, B. and others",
 collaboration = "LIGO Scientific",
     title     = "{Search of S3 LIGO data for gravitational wave signals from
                  spinning black hole and neutron star binary inspirals}",
     journal   = "Phys. Rev.",
     volume    = "D78",
     year      = "2008",
     pages     = "042002",
     eprint    = "0712.2050",
     archivePrefix = "arXiv",
     primaryClass  =  "gr-qc",
     doi       = "10.1103/PhysRevD.78.042002",
     SLACcitation  = "%%CITATION = 0712.2050;%%"
}

@Article{Babak:2007zd,
     author    = "Babak, Stanislav and others",
 collaboration = "Mock LISA Data Challenge Task Force",
     title     = "{Report on the second Mock LISA Data Challenge}",
     journal   = "Class. Quant. Grav.",
     volume    = "25",
     year      = "2008",
     pages     = "114037",
     eprint    = "0711.2667",
     archivePrefix = "arXiv",
     primaryClass  =  "gr-qc",
     doi       = "10.1088/0264-9381/25/11/114037",
     SLACcitation  = "%%CITATION = 0711.2667;%%"
}

@Article{Abbott:2007xi,
     author    = "Abbott, B. and others",
 collaboration = "LIGO Scientific",
     title     = "{Search for gravitational waves from binary inspirals in S3
                  and S4 LIGO data}",
     journal   = "Phys. Rev.",
     volume    = "D77",
     year      = "2008",
     pages     = "062002",
     eprint    = "0704.3368",
     archivePrefix = "arXiv",
     primaryClass  =  "gr-qc",
     doi       = "10.1103/PhysRevD.77.062002",
     SLACcitation  = "%%CITATION = 0704.3368;%%"
}

@Article{Abbott:2007rh,
     author    = "Abbott, B. and others",
    title = "{Implications for the Origin of GRB 070201 from LIGO Observations}",
  journal = "Astrophys. J.",
 keywords = {Gamma Rays: Bursts, Gravitational Waves, Methods: Data Analysis},
     year = 2008,
    month = jul,
   volume = 681,
    pages = {1419-1430},
      doi = {10.1086/587954},
   adsurl = {http://adsabs.harvard.edu/abs/2008ApJ...681.1419A},
  adsnote = {Provided by the SAO/NASA Astrophysics Data System}
}



@Article{Beauville:2007kp,
     author    = "Beauville, F. and others",
 collaboration = "LIGO / Virgo working group",
     title     = "{Detailed comparison of LIGO and Virgo inspiral pipelines
                  in preparation for a joint search}",
     journal   = "Class. Quant. Grav.",
     volume    = "25",
     year      = "2008",
     pages     = "045001",
     eprint    = "gr-qc/0701027",
     SLACcitation  = "%%CITATION = GR-QC/0701027;%%"
}

@Article{Brown:2007zzi,
     author    = "Brown, Duncan A. and others",
     title     = "{Prospects for detection of gravitational waves from
                  intermediate-mass-ratio inspirals}",
     journal   = "Phys. Rev. Lett.",
     volume    = "99",
     year      = "2007",
     pages     = "201102",
     SLACcitation  = "%%CITATION = PRLTA,99,201102;%%"
}

@Article{Boyle:2007ft,
     author    = "Boyle, Michael and others",
     title     = "{High-accuracy comparison of numerical relativity
                  simulations with post-Newtonian expansions}",
     journal   = "Phys. Rev.",
     volume    = "D76",
     year      = "2007",
     pages     = "124038",
     eprint    = "arXiv:0710.0158 [gr-qc]",
     SLACcitation  = "%%CITATION = ARXIV:0710.0158;%%"
}

@Article{Singh:2007,
     author    = "Singh, Gurmeet and others",
     title     = "{Optimizing workflow data footprint}",
     journal   = "Scientific Programming",
     volume    = "15",
     year      = "2007",
     pages     = "249"
}

@Article{Brown:2007se,
     author    = "Brown, Duncan A. and Crowder, Jeff and Cutler, Curt and
                  Mandel, Ilya and Vallisneri, Michele",
     title     = "{A Three-Stage Search for Supermassive Black Hole Binaries
                  in LISA Data}",
     journal   = "Class. Quant. Grav.",
     volume    = "24",
     year      = "2007",
     pages     = "S595-S606",
     eprint    = "arXiv:0704.2447 [gr-qc]",
     SLACcitation  = "%%CITATION = ARXIV:0704.2447;%%"
}

@Article{Arnaud:2007vr,
     author    = "Arnaud, K. A. and others",
     title     = "{Report on the first round of the Mock LISA Data
                  Challenges}",
     journal   = "Class. Quant. Grav.",
     volume    = "24",
     year      = "2007",
     pages     = "S529-S540",
     eprint    = "gr-qc/0701139",
     SLACcitation  = "%%CITATION = GR-QC/0701139;%%"
}


@Article{Pfeiffer:2007yz,
     author    = "Pfeiffer, Harald P. and others",
     title     = "{Reducing orbital eccentricity in binary black hole
                  simulations}",
     journal   = "Class. Quant. Grav.",
     volume    = "24",
     year      = "2007",
     pages     = "S59-S82",
     eprint    = "gr-qc/0702106",
     SLACcitation  = "%%CITATION = GR-QC/0702106;%%"
}


@InCollection{Brown:workflow,
  author	= {Brown, D. A. and others},
  title		= {A Case Study on the Use of Workflow Technologies for Scientific Analysis: Gravitational Wave Data Analysis},
  booktitle	= {Workflows for e-Science},
  chapter	= {5},
  pages		= {41--61},
  editor	= {Ian J. Taylor and Ewa Deelman and Dennis Gannon and Matthew S. Shields},
  publisher	= {Springer-Verlag},
  year		= {2006}
}

@Article{Abbott:2005qm,
     author    = "Abbott, B. and others",
 collaboration = "LIGO",
     title     = "Joint LIGO and TAMA300 search for gravitational waves from
                  inspiralling neutron star binaries",
     journal   = "Phys. Rev.",
     volume    = "D73",
     year      = "2006",
     pages     = "102002",
     eprint    = "gr-qc/0512078",
     SLACcitation  = "%%CITATION = GR-QC 0512078;%%"
}

@Article{Abbott:2005kq,
     author    = "Abbott, B. and others",
 collaboration = "LIGO Scientific",
     title     = "{Search for gravitational waves from binary black hole
                  inspirals in LIGO  data}",
     journal   = "Phys. Rev.",
     volume    = "D73",
     year      = "2006",
     pages     = "062001",
     eprint    = "gr-qc/0509129",
     SLACcitation  = "%%CITATION = GR-QC/0509129;%%"
}

@Article{Brown:2005zs,
     author    = "Brown, Duncan A",
 collaboration = "LIGO",
     title     = "{Using the INSPIRAL program to search for gravitational
                  waves from low-mass binary inspiral}",
     journal   = "Class. Quant. Grav.",
     volume    = "22",
     year      = "2005",
     pages     = "S1097-S1108",
     eprint    = "gr-qc/0505102",
     SLACcitation  = "%%CITATION = GR-QC/0505102;%%"
}

@Article{Abbott:2005pf,
     author    = "Abbott, B. and others",
 collaboration = "LIGO Scientific",
     title     = "{Search for gravitational waves from primordial black hole
                  binary  coalescences in the galactic halo}",
     journal   = "Phys. Rev.",
     volume    = "D72",
     year      = "2005",
     pages     = "082002",
     eprint    = "gr-qc/0505042",
     SLACcitation  = "%%CITATION = GR-QC/0505042;%%"
}

@Article{Abbott:2005pe,
     author    = "Abbott, B. and others",
 collaboration = "LIGO Scientific",
     title     = "{Search for gravitational waves from galactic and extra-
                  galactic binary  neutron stars}",
     journal   = "Phys. Rev.",
     volume    = "D72",
     year      = "2005",
     pages     = "082001",
     eprint    = "gr-qc/0505041",
     SLACcitation  = "%%CITATION = GR-QC/0505041;%%"
}



@Article{Blackburn:2005dj,
     author    = "Blackburn, L. and others",
 collaboration = "Joint LIGO / Virgo working group",
     title     = "A first comparison between LIGO and Virgo inspiral search
                  pipelines",
     journal   = "Class. Quant. Grav.",
     volume    = "22",
     year      = "2005",
     pages     = "S1149-S1158",
     eprint    = "gr-qc/0504050",
     SLACcitation  = "%%CITATION = GR-QC 0504050;%%"
}

@Article{Brown:2004pv,
     author    = "Brown, Duncan A. and others",
     title     = "{Searching for Gravitational Waves from Binary Inspirals
                  with LIGO}",
     journal   = "Class. Quant. Grav.",
     volume    = "21",
     year      = "2004",
     pages     = "S1625-S1633",
     eprint    = "arXiv:0705.1572 [gr-qc]",
     SLACcitation  = "%%CITATION = ARXIV:0705.1572;%%"
}


@Article{Brown:2003vd,
     author    = "Brown, Duncan A.",
 collaboration = "LIGO Scientific",
     title     = "{Testing the LIGO inspiral analysis with hardware
                  injections}",
     journal   = "Class. Quant. Grav.",
     volume    = "21",
     year      = "2004",
     pages     = "S797-S800",
     eprint    = "gr-qc/0312031",
     SLACcitation  = "%%CITATION = GR-QC/0312031;%%"
}

@Article{Abbott:2003pj,
     author    = "Abbott, B. and others",
 collaboration = "LIGO Scientific",
     title     = "{Analysis of LIGO data for gravitational waves from binary
                  neutron  stars}",
     journal   = "Phys. Rev.",
     volume    = "D69",
     year      = "2004",
     pages     = "122001",
     eprint    = "gr-qc/0308069",
     SLACcitation  = "%%CITATION = GR-QC/0308069;%%"
}

@Article{Abbott:2003vs,
     author    = "Abbott, B. and others",
 collaboration = "LIGO Scientific",
     title     = "{Detector description and performance for the first
                  coincidence  observations between LIGO and GEO}",
     journal   = "Nucl. Instrum. Meth.",
     volume    = "A517",
     year      = "2004",
     pages     = "154-179",
     eprint    = "gr-qc/0308043",
     SLACcitation  = "%%CITATION = GR-QC/0308043;%%"
}

