@Article{Kalogera:2003tn,
     author    = "Kalogera, Vassiliki and others",
     title     = "The Cosmic Coalescence Rates for Double Neutron Star
                  Binaries",
     journal   = "Astrophys. J.",
     volume    = "601",
     year      = "2004",
     pages     = "L179-L182",
     eprint    = "astro-ph/0312101",
     SLACcitation  = "%%CITATION = ASTRO-PH 0312101;%%"
}

@Unpublished{Thorne:1997ut,
     author    = "Kip S. Thorne",
     title     = "Gravitational radiation: A new window onto the universe",
     year      = "1997",
     eprint    = "gr-qc/9704042",
     note      = "{gr-qc}/9704042"
}

@Article{Abramovici:1992ah,
     author    = "Alex Abramovici and others",
     title     = "{LIGO}: The Laser interferometer gravitational wave
                  observatory",
     journal   = science,
     volume    = 256,
     year      = 1992,
     pages     = 325
}

@Article{Barish:1999,
    author     = "Barish, B. C. and Weiss, R.",
    title      = "LIGO and the Detection of Gravitational Waves",
    journal    = "Phys.\ Today",
    year       = 1999,
    volume     = {52 (Oct)},
    number     = 10,
    pages      = "44--50"
}

@Article{Kalogera:2000dz,
     author    = "Kalogera, V. and Narayan, R. and Spergel, D. N. and Taylor,
                  J. H.",
     title     = "The Coalescence Rate of Double Neutron Star Systems",
     journal   = apj,
     volume    = 556,
     year      = 2001,
     pages     = 340
}

@Misc{Cutler:2001,
     author    = "Curt Cutler and Kip S. Thorne",
     title     = "An Overview of Gravitational-Wave Sources",
     year      = 2001,
     note      = "to appear in Proceedings of GR16 (Durban, 
                  South Africa, 2001), gr-qc/0204090"
}

@Article{Belczynski:2002,
     author    = "Krzysztof Belczynski and Vassiliki Kalogera and Tomasz Bulik",
     title     = "A Comprehensive Study of Binary Compact Objects as
                  Gravitational Wave Sources: Evolutionary Channels, Rates, and
                  Physical Properties",
     journal   = apj,
     volume    = 572,
     year      = 2002,
     pages     = 407
}

@Article{Alcock:2000ph,
     author    = "Alcock, C. and others",
 collaboration = "MACHO",
     title     = "The MACHO project: Microlensing results from 5.7 years of
                  LMC  observations",
     journal   = "Astrophys. J.",
     volume    = "542",
     year      = "2000",
     pages     = "281-307",
     eprint    = "astro-ph/0001272",
     SLACcitation  = "%%CITATION = ASTRO-PH 0001272;%%"
}

@Article{Nakamura:1997sm,
     author    = "Nakamura, Takashi and Sasaki, Misao and Tanaka, Takahiro
                  and Thorne, Kip S.",
     title     = "Gravitational waves from coalescing black hole MACHO
                  binaries",
     journal   = "Astrophys. J.",
     volume    = "487",
     year      = "1997",
     pages     = "L139-L142",
     eprint    = "astro-ph/9708060",
     SLACcitation  = "%%CITATION = ASTRO-PH 9708060;%%"
}

@Article{Mohanty:1996bw,
     author    = "Mohanty, S. D. and Dhurandhar, S. V.",
     title     = "A hierarchical search strategy for the detection of
                  gravitational waves from coalescing binaries",
     journal   = "Phys. Rev.",
     volume    = "D54",
     year      = "1996",
     pages     = "7108-7128",
     SLACcitation  = "%%CITATION = PHRVA,D54,7108;%%"
}

@Article{Mohanty:1998eu,
     author    = "Mohanty, S. D.",
     title     = "Hierarchical search strategy for the detection of
                  gravitational waves  from coalescing binaries: Extension to
                  post-Newtonian wave forms",
     journal   = "Phys. Rev.",
     volume    = "D57",
     year      = "1998",
     pages     = "630-658",
     eprint    = "gr-qc/9703081",
     SLACcitation  = "%%CITATION = GR-QC 9703081;%%"
}

@Article{Tanaka:2000xy,
     author    = "Tanaka, Takahiro and Tagoshi, Hideyuki",
     title     = "The use of new coordinates for the template space in
                  hierarchical  search for gravitational waves from
                  inspiraling binaries",
     journal   = "Phys. Rev.",
     volume    = "D62",
     year      = "2000",
     pages     = "082001",
     eprint    = "gr-qc/0001090",
     SLACcitation  = "%%CITATION = GR-QC 0001090;%%"
}

@Article{Finn:1993xs,
     author    = "Finn, Lee Samuel and Chernoff, David F.",
     title     = "Observing binary inspiral in gravitational radiation: One
                  interferometer",
     journal   = "Phys. Rev.",
     volume    = "D47",
     year      = "1993",
     pages     = "2198-2219",
     eprint    = "gr-qc/9301003",
     SLACcitation  = "%%CITATION = GR-QC 9301003;%%"
}

@Article{Chernoff:1993th,
     author    = "Chernoff, David F. and Finn, Lee Samuel",
     title     = "Gravitational radiation, inspiraling binaries, and
                  cosmology",
     journal   = "Astrophys. J.",
     volume    = "411",
     year      = "1993",
     pages     = "L5-L8",
     eprint    = "gr-qc/9304020",
     SLACcitation  = "%%CITATION = GR-QC 9304020;%%"
}

@Article{Cutler:1994,
   author = "Cutler, C and Flanagan, E",
   title  = "Gravitational Waves from Mergin Compact Binaries: How Accurately
             Can One Extract the Binary's Parameters from the Inspiral 
             Waveform?",
   journal = prd,
   volume  = 49,
   year    = 1994,
   pages   = 2658
}

@Article{Buonanno:2002ft,
     author    = "Buonanno, Alessandra and Chen, Yan-bei and Vallisneri,
                  Michele",
     title     = "Detection template families for gravitational waves from
                  the final  stages of binary-black-hole inspirals. I:
                  Nonspinning case",
     journal   = "Phys. Rev.",
     volume    = "D67",
     year      = "2003",
     pages     = "024016",
     eprint    = "gr-qc/0205122",
     SLACcitation  = "%%CITATION = GR-QC 0205122;%%"
}

@Article{Buonanno:2002fy,
     author    = "Buonanno, Alessandra and Chen, Yan-bei and Vallisneri,
                  Michele",
     title     = "Detecting gravitational waves from precessing binaries of
                  spinning compact objects: Adiabatic limit",
     journal   = "Phys. Rev.",
     volume    = "D67",
     year      = "2003",
     pages     = "104025",
     eprint    = "gr-qc/0211087",
     SLACcitation  = "%%CITATION = GR-QC 0211087;%%"
}

@Article{Buonanno:2004yd,
     author    = "Buonanno, Alessandra and Chen, Yan-bei and Pan, Yi and
                  Vallisneri, Michele",
     title     = "A quasi-physical family of gravity-wave templates for
                  precessing  binaries of spinning compact objects: II.
                  Application to double-spin  precessing binaries",
     journal   = "Phys. Rev.",
     volume    = "D70",
     year      = "2004",
     pages     = "104003",
     eprint    = "gr-qc/0405090",
     SLACcitation  = "%%CITATION = GR-QC 0405090;%%"
}

@Article{Teukolsky:1973ha,
     author    = "Teukolsky, Saul A.",
     title     = "Perturbations of a rotating black hole. 1. Fundamental
                  equations for gravitational electromagnetic, and neutrino
                  field perturbations",
     journal   = "Astrophys. J.",
     volume    = "185",
     year      = "1973",
     pages     = "635-647",
     SLACcitation  = "%%CITATION = ASJOA,185,635;%%"
}

@Article{Dreyer:2003bv,
     author    = "Dreyer, Olaf and others",
     title     = "Black hole spectroscopy: Testing general relativity through
                  gravitational wave observations",
     journal   = "Class. Quant. Grav.",
     volume    = "21",
     year      = "2004",
     pages     = "787-804",
     eprint    = "gr-qc/0309007",
     SLACcitation  = "%%CITATION = GR-QC 0309007;%%"
}

@Article{Miller:2003sc,
     author    = "Miller, M. Coleman and Colbert, E. J. M",
     title     = "Intermediate-Mass Black Holes",
     journal   = "Int. J. Mod. Phys.",
     volume    = "D13",
     year      = "2004",
     pages     = "1-64",
     eprint    = "astro-ph/0308402",
     SLACcitation  = "%%CITATION = ASTRO-PH 0308402;%%"
}

@Article{Ryan:1995wh,
     author    = "Ryan, F. D.",
     title     = "Gravitational waves from the inspiral of a compact object
                  into a massive, axisymmetric body with arbitrary multipole
                  moments",
     journal   = "Phys. Rev.",
     volume    = "D52",
     year      = "1995",
     pages     = "5707-5718",
     SLACcitation  = "%%CITATION = PHRVA,D52,5707;%%"
}

@Article{Pan:2003qt,
     author    = "Pan, Yi and Buonanno, Alessandra and Chen, Yan-bei and
                  Vallisneri, Michele",
     title     = "A physical template family for gravitational waves from
                  precessing  binaries of spinning compact objects:
                  Application to single-spin  binaries",
     journal   = "Phys. Rev.",
     volume    = "D69",
     year      = "2004",
     pages     = "104017",
     eprint    = "gr-qc/0310034",
     SLACcitation  = "%%CITATION = GR-QC 0310034;%%"
}

@Article{Fox:2005kv,
     author    = "Fox, Derek B. and others",
     title     = "The afterglow of GRB050709 and the nature of the short-hard
                  gamma-ray bursts",
     journal   = "Nature",
     volume    = "437",
     year      = "2005",
     pages     = "845-850",
     eprint    = "astro-ph/0510110",
     SLACcitation  = "%%CITATION = ASTRO-PH 0510110;%%"
}

@Article{Pretorius:2005gq,
     author    = "Pretorius, Frans",
     title     = "Evolution of binary black hole spacetimes",
     journal   = "Phys. Rev. Lett.",
     volume    = "95",
     year      = "2005",
     pages     = "121101",
     eprint    = "gr-qc/0507014",
     SLACcitation  = "%%CITATION = GR-QC 0507014;%%"
}

@Article{Campanelli:2005dd,
     author    = "Campanelli, Manuela and Lousto, C. O. and Marronetti, P.
                  and Zlochower, Y.",
     title     = "Accurate evolutions of orbiting black-hole binaries without
                  excision",
     journal   = "Phys. Rev. Lett.",
     volume    = "96",
     year      = "2006",
     pages     = "111101",
     eprint    = "gr-qc/0511048",
     SLACcitation  = "%%CITATION = GR-QC 0511048;%%"
}

@Article{Baker:2006yw,
     author    = "Baker, John G. and Centrella, Joan and Choi, Dae-Il and
                  Koppitz, Michael and van Meter, James",
     title     = "Binary black hole merger dynamics and waveforms",
     journal   = "Phys. Rev.",
     volume    = "D73",
     year      = "2006",
     pages     = "104002",
     eprint    = "gr-qc/0602026",
     SLACcitation  = "%%CITATION = GR-QC 0602026;%%"
}

