@article{Abbott:2017ylp,
      author         = "Abbott, Benjamin P. and others",
      title          = "{First search for gravitational waves from known pulsars
                        with Advanced LIGO}",
      collaboration  = "Virgo, LIGO Scientific",
      journal        = "Astrophys. J.",
      volume         = "839",
      year           = "2017",
      number         = "1",
      pages          = "12",
      doi            = "10.3847/1538-4357/aa677f",
      eprint         = "1701.07709",
      archivePrefix  = "arXiv",
      primaryClass   = "astro-ph.HE",
      reportNumber   = "LIGO-P1600159",
      SLACcitation   = "%%CITATION = ARXIV:1701.07709;%%"
}

@article{TheLIGOScientific:2016xzw,
      author         = "Abbott, Benjamin P. and others",
      title          = "{Directional Limits on Persistent Gravitational Waves
                        from Advanced LIGO’s First Observing Run}",
      collaboration  = "Virgo, LIGO Scientific",
      journal        = "Phys. Rev. Lett.",
      volume         = "118",
      year           = "2017",
      number         = "12",
      pages          = "121102",
      doi            = "10.1103/PhysRevLett.118.121102",
      eprint         = "1612.02030",
      archivePrefix  = "arXiv",
      primaryClass   = "gr-qc",
      SLACcitation   = "%%CITATION = ARXIV:1612.02030;%%"
}

@article{Abbott:2017hbu,
      author         = "Abbott, Benjamin P. and others",
      title          = "{Search for gravitational waves from Scorpius X-1 in the
                        first Advanced LIGO observing run with a hidden Markov
                        model}",
      collaboration  = "VIRGO, LIGO Scientific",
      journal        = "Phys. Rev.",
      volume         = "D95",
      year           = "2017",
      number         = "12",
      pages          = "122003",
      doi            = "10.1103/PhysRevD.95.122003",
      eprint         = "1704.03719",
      archivePrefix  = "arXiv",
      primaryClass   = "gr-qc",
      SLACcitation   = "%%CITATION = ARXIV:1704.03719;%%"
}


@article{Abbott:2017mwl,
      author         = "Abbott, B. P. and others",
      title          = "{Upper Limits on Gravitational Waves from Scorpius X-1
                        from a Model-Based Cross-Correlation Search in Advanced
                        LIGO Data}",
      collaboration  = "Virgo, LIGO Scientific",
      journal        = "Astrophys. J.",
      volume         = "847",
      year           = "2017",
      number         = "1",
      pages          = "47",
      doi            = "10.3847/1538-4357/aa86f0",
      eprint         = "1706.03119",
      archivePrefix  = "arXiv",
      primaryClass   = "astro-ph.HE",
      reportNumber   = "LIGO-P1600297-V17, LIGO-P1600297-V19, LIGO-P1600297-V24",
      SLACcitation   = "%%CITATION = ARXIV:1706.03119;%%"
}

@article{ANTARES:2017iky,
      author         = "Albert, A. and others",
      title          = "{Search for High-energy Neutrinos from Gravitational Wave
                        Event GW151226 and Candidate LVT151012 with ANTARES and
                        IceCube}",
      collaboration  = "Virgo, IceCube, ANTARES, LIGO Scientific",
      journal        = "Phys. Rev.",
      volume         = "D96",
      year           = "2017",
      number         = "2",
      pages          = "022005",
      doi            = "10.1103/PhysRevD.96.022005",
      eprint         = "1703.06298",
      archivePrefix  = "arXiv",
      primaryClass   = "astro-ph.HE",
      SLACcitation   = "%%CITATION = ARXIV:1703.06298;%%"
}


@article{Abbott:2017iws,
      author         = "Abbott, Benjamin P. and others",
      title          = "{Search for intermediate mass black hole binaries in the
                        first observing run of Advanced LIGO}",
      collaboration  = "Virgo, LIGO Scientific",
      journal        = "Phys. Rev.",
      volume         = "D96",
      year           = "2017",
      number         = "2",
      pages          = "022001",
      doi            = "10.1103/PhysRevD.96.022001",
      eprint         = "1704.04628",
      archivePrefix  = "arXiv",
      primaryClass   = "gr-qc",
      SLACcitation   = "%%CITATION = ARXIV:1704.04628;%%"
}

@article{TheLIGOScientific:2016dpb,
      author         = "Abbott, Benjamin P. and others",
      title          = "{Upper Limits on the Stochastic Gravitational-Wave
                        Background from Advanced LIGO’s First Observing Run}",
      collaboration  = "Virgo, LIGO Scientific",
      journal        = "Phys. Rev. Lett.",
      volume         = "118",
      year           = "2017",
      number         = "12",
      pages          = "121101",
      doi            = "10.1103/PhysRevLett.118.121101,
                        10.1103/PhysRevLett.119.029901",
      note           = "[Erratum: Phys. Rev. Lett.119,no.2,029901(2017)]",
      eprint         = "1612.02029",
      archivePrefix  = "arXiv",
      primaryClass   = "gr-qc",
      SLACcitation   = "%%CITATION = ARXIV:1612.02029;%%"
}


@article{Abbott:2016tvg,
      author         = "Abbott, Thomas D. and others",
      title          = "{Search for continuous gravitational waves from neutron
                        stars in globular cluster NGC 6544}",
      collaboration  = "VIRGO, LIGO Scientific",
      journal        = "Phys. Rev.",
      volume         = "D95",
      year           = "2017",
      number         = "8",
      pages          = "082005",
      doi            = "10.1103/PhysRevD.95.082005",
      eprint         = "1607.02216",
      archivePrefix  = "arXiv",
      primaryClass   = "gr-qc",
      reportNumber   = "LIGO-P1500225",
      SLACcitation   = "%%CITATION = ARXIV:1607.02216;%%"
}

@article{Abbott:2016wiq,
      author         = "Abbott, Benjamin P. and others",
      title          = "{Effects of waveform model systematics on the
                        interpretation of GW150914}",
      collaboration  = "Virgo, LIGO Scientific",
      journal        = "Class. Quant. Grav.",
      volume         = "34",
      year           = "2017",
      number         = "10",
      pages          = "104002",
      doi            = "10.1088/1361-6382/aa6854",
      eprint         = "1611.07531",
      archivePrefix  = "arXiv",
      primaryClass   = "gr-qc",
      reportNumber   = "P1500259",
      SLACcitation   = "%%CITATION = ARXIV:1611.07531;%%"
}

@article{Abbott:2016ezn,
      author         = "Abbott, Benjamin P. and others",
      title          = "{All-sky search for short gravitational-wave bursts in
                        the first Advanced LIGO run}",
      collaboration  = "Virgo, LIGO Scientific",
      journal        = "Phys. Rev.",
      volume         = "D95",
      year           = "2017",
      number         = "4",
      pages          = "042003",
      doi            = "10.1103/PhysRevD.95.042003",
      eprint         = "1611.02972",
      archivePrefix  = "arXiv",
      primaryClass   = "gr-qc",
      SLACcitation   = "%%CITATION = ARXIV:1611.02972;%%"
}

@article{TheLIGOScientific:2016dpb,
      author         = "Abbott, Benjamin P. and others",
      title          = "{Upper Limits on the Stochastic Gravitational-Wave
                        Background from Advanced LIGO’s First Observing Run}",
      collaboration  = "Virgo, LIGO Scientific",
      journal        = "Phys. Rev. Lett.",
      volume         = "118",
      year           = "2017",
      number         = "12",
      pages          = "121101",
      doi            = "10.1103/PhysRevLett.118.121101,
                        10.1103/PhysRevLett.119.029901",
      note           = "[Erratum: Phys. Rev. Lett.119,no.2,029901(2017)]",
      eprint         = "1612.02029",
      archivePrefix  = "arXiv",
      primaryClass   = "gr-qc",
      SLACcitation   = "%%CITATION = ARXIV:1612.02029;%%"
}

@article{Evans:2016mbw,
      author         = "Abbott, Benjamin P. and others",
      title          = "{Exploring the Sensitivity of Next Generation
                        Gravitational Wave Detectors}",
      collaboration  = "LIGO Scientific",
      journal        = "Class. Quant. Grav.",
      volume         = "34",
      year           = "2017",
      number         = "4",
      pages          = "044001",
      doi            = "10.1088/1361-6382/aa51f4",
      eprint         = "1607.08697",
      archivePrefix  = "arXiv",
      primaryClass   = "astro-ph.IM",
      reportNumber   = "LIGO-P1600143",
      SLACcitation   = "%%CITATION = ARXIV:1607.08697;%%"
}


@article{TheLIGOScientific:2016uns,
      author         = "Abbott, Benjamin P. and others",
      title          = "{Results of the deepest all-sky survey for continuous
                        gravitational waves on LIGO S6 data running on the
                        Einstein@Home volunteer distributed computing project}",
      collaboration  = "Virgo, LIGO Scientific",
      journal        = "Phys. Rev.",
      volume         = "D94",
      year           = "2016",
      number         = "10",
      pages          = "102002",
      doi            = "10.1103/PhysRevD.94.102002",
      eprint         = "1606.09619",
      archivePrefix  = "arXiv",
      primaryClass   = "gr-qc",
      SLACcitation   = "%%CITATION = ARXIV:1606.09619;%%"
}


@article{Abbott:2016udd,
      author         = "Abbott, B. P. and others",
      title          = "{Comprehensive all-sky search for periodic gravitational
                        waves in the sixth science run LIGO data}",
      collaboration  = "Virgo, LIGO Scientific",
      journal        = "Phys. Rev.",
      volume         = "D94",
      year           = "2016",
      number         = "4",
      pages          = "042002",
      doi            = "10.1103/PhysRevD.94.042002",
      eprint         = "1605.03233",
      archivePrefix  = "arXiv",
      primaryClass   = "gr-qc",
      SLACcitation   = "%%CITATION = ARXIV:1605.03233;%%"
}

@article{Abbott:2016tdt,
      author         = "Abbott, B. P. and others",
      title          = "{A First Targeted Search for Gravitational-Wave Bursts
                        from Core-Collapse Supernovae in Data of First-Generation
                        Laser Interferometer Detectors}",
      collaboration  = "Virgo, LIGO Scientific",
      journal        = "Phys. Rev.",
      volume         = "D94",
      year           = "2016",
      number         = "10",
      pages          = "102001",
      doi            = "10.1103/PhysRevD.94.102001",
      eprint         = "1605.01785",
      archivePrefix  = "arXiv",
      primaryClass   = "gr-qc",
      reportNumber   = "LIGO-P1400208",
      SLACcitation   = "%%CITATION = ARXIV:1605.01785;%%"
}

@article{Abbott:2015vir,
      author         = "Abbott, Benjamin P. and others",
      title          = "{All-sky search for long-duration gravitational wave
                        transients with initial LIGO}",
      collaboration  = "VIRGO, LIGO Scientific",
      journal        = "Phys. Rev.",
      volume         = "D93",
      year           = "2016",
      number         = "4",
      pages          = "042005",
      doi            = "10.1103/PhysRevD.93.042005",
      eprint         = "1511.04398",
      archivePrefix  = "arXiv",
      primaryClass   = "gr-qc",
      SLACcitation   = "%%CITATION = ARXIV:1511.04398;%%"
}

@article{Aasi:2015rar,
      author         = "Aasi, J. and others",
      title          = "{First low frequency all-sky search for continuous
                        gravitational wave signals}",
      collaboration  = "VIRGO, LIGO Scientific",
      journal        = "Phys. Rev.",
      volume         = "D93",
      year           = "2016",
      pages          = "042007",
      doi            = "10.1103/PhysRevD.93.042007",
      eprint         = "1510.03621",
      archivePrefix  = "arXiv",
      primaryClass   = "astro-ph.IM",
      SLACcitation   = "%%CITATION = ARXIV:1510.03621;%%"
}

@article{Aasi:2015ssf,
      author         = "Aasi, J. and others",
      title          = "{Search of the Orion spur for continuous gravitational
                        waves using a loosely coherent algorithm on data from LIGO
                        interferometers}",
      collaboration  = "VIRGO, LIGO",
      journal        = "Phys. Rev.",
      volume         = "D93",
      year           = "2016",
      number         = "4",
      pages          = "042006",
      doi            = "10.1103/PhysRevD.93.042006",
      eprint         = "1510.03474",
      archivePrefix  = "arXiv",
      primaryClass   = "gr-qc",
      SLACcitation   = "%%CITATION = ARXIV:1510.03474;%%"
}

@article{Aasi:2014qak,
      author         = "Aasi, J. and others",
      title          = "{Directed search for gravitational waves from Scorpius
                        X-1 with initial LIGO data}",
      collaboration  = "LIGO Scientific, VIRGO",
      journal        = "Phys.Rev.",
      number         = "6",
      volume         = "D91",
      pages          = "062008",
      doi            = "10.1103/PhysRevD.91.062008",
      year           = "2015",
      eprint         = "1412.0605",
      archivePrefix  = "arXiv",
      primaryClass   = "gr-qc",
      SLACcitation   = "%%CITATION = ARXIV:1412.0605;%%",
}

@article{Aasi:2014jkh,
      author         = "Aasi, J. and others",
      title          = "{Searching for stochastic gravitational waves using data
                        from the two colocated LIGO Hanford detectors}",
      collaboration  = "LIGO Scientific, VIRGO",
      journal        = "Phys.Rev.",
      number         = "2",
      volume         = "D91",
      pages          = "022003",
      doi            = "10.1103/PhysRevD.91.022003",
      year           = "2015",
      eprint         = "1410.6211",
      archivePrefix  = "arXiv",
      primaryClass   = "gr-qc",
      SLACcitation   = "%%CITATION = ARXIV:1410.6211;%%",
}

@article{TheLIGOScientific:2014jea,
      author         = "Aasi, J. and others",
      title          = "{Advanced LIGO}",
      collaboration  = "LIGO Scientific",
      journal        = "Class.Quant.Grav.",
      volume         = "32",
      pages          = "074001",
      doi            = "10.1088/0264-9381/32/7/074001",
      year           = "2015",
      eprint         = "1411.4547",
      archivePrefix  = "arXiv",
      primaryClass   = "gr-qc",
      SLACcitation   = "%%CITATION = ARXIV:1411.4547;%%",
}


@article{Aasi:2014mtf,
      author         = "Aasi, J. and others",
      title          = "{Implementation of an $\mathcal{F}$-statistic all-sky
                        search for continuous gravitational waves in Virgo VSR1
                        data}",
      collaboration  = "LIGO Scientific Collaboration, VIRGO Collaboration",
      journal        = "Class.Quant.Grav.",
      volume         = "31",
      pages          = "165014",
      doi            = "10.1088/0264-9381/31/16/165014",
      year           = "2014",
      eprint         = "1402.4974",
      archivePrefix  = "arXiv",
      primaryClass   = "gr-qc",
      reportNumber   = "LIGO-DOCUMENT-NO.-LIGO-P1300133",
      SLACcitation   = "%%CITATION = ARXIV:1402.4974;%%",
}

@article{Aasi:2014zwg,
      author         = "Aasi, J. and others",
      title          = "{Improved Upper Limits on the Stochastic
                        Gravitational-Wave Background from 2009–2010 LIGO and
                        Virgo Data}",
      collaboration  = "LIGO Scientific Collaboration, VIRGO Collaboration",
      journal        = "Phys.Rev.Lett.",
      number         = "23",
      volume         = "113",
      pages          = "231101",
      doi            = "10.1103/PhysRevLett.113.231101",
      year           = "2014",
      eprint         = "1406.4556",
      archivePrefix  = "arXiv",
      primaryClass   = "gr-qc",
      SLACcitation   = "%%CITATION = ARXIV:1406.4556;%%",
}

@article{Aasi:2014sda,
      author         = "Aasi, J. and others",
      title          = "{First all-sky search for continuous gravitational waves
                        from unknown sources in binary systems}",
      collaboration  = " The LIGO Scientific Collaboration,  the Virgo
                        Collaboration",
      journal        = "Phys.Rev.",
      number         = "6",
      volume         = "D90",
      pages          = "062010",
      doi            = "10.1103/PhysRevD.90.062010",
      year           = "2014",
      eprint         = "1405.7904",
      archivePrefix  = "arXiv",
      primaryClass   = "gr-qc",
      SLACcitation   = "%%CITATION = ARXIV:1405.7904;%%",
}

@article{Aasi:2014iwa,
      author         = "Aasi, J. and others",
      title          = "{Search for gravitational radiation from intermediate
                        mass black hole binaries in data from the second
                        LIGO-Virgo joint science run}",
      collaboration  = "The LIGO Scientific Collaboration, the Virgo
                        Collaboration",
      journal        = "Phys.Rev.",
      number         = "12",
      volume         = "D89",
      pages          = "122003",
      doi            = "10.1103/PhysRevD.89.122003",
      year           = "2014",
      eprint         = "1404.2199",
      archivePrefix  = "arXiv",
      primaryClass   = "gr-qc",
      reportNumber   = "LIGO-P1300158",
      SLACcitation   = "%%CITATION = ARXIV:1404.2199;%%",
}

@article{Aasi:2013lva,
      author         = "Aasi, J. and others",
      title          = "{Application of a Hough search for continuous
                        gravitational waves on data from the fifth LIGO science
                        run}",
      collaboration  = "LIGO Collaboration, Virgo Collaboration",
      journal        = "Class.Quant.Grav.",
      volume         = "31",
      pages          = "085014",
      doi            = "10.1088/0264-9381/31/8/085014",
      year           = "2014",
      eprint         = "1311.2409",
      archivePrefix  = "arXiv",
      primaryClass   = "gr-qc",
      reportNumber   = "LIGO-DOCUMENT-P1300071",
      SLACcitation   = "%%CITATION = ARXIV:1311.2409;%%",
}

@article{Aasi:2013vna,
      author         = "Aasi, J. and Abadie, J. and Abbott, B.P. and Abbott, R.
                        and Abbott, T. and others",
      title          = "{Constraints on cosmic strings from the LIGO-Virgo
                        gravitational-wave detectors}",
      journal        = "Phys.Rev.Lett.",
      volume         = "112",
      pages          = "131101",
      doi            = "10.1103/PhysRevLett.112.131101",
      year           = "2014",
      eprint         = "1310.2384",
      archivePrefix  = "arXiv",
      primaryClass   = "gr-qc",
      SLACcitation   = "%%CITATION = ARXIV:1310.2384;%%",
}


@article{Aasi:2013sna,
      author         = "Aasi, J. and others",
      title          = "{First Searches for Optical Counterparts to
                        Gravitational-wave Candidate Events}",
      collaboration  = "LIGO Scientific Collaboration, Virgo Collaboration",
      journal        = "Astrophys.J.Suppl.",
      volume         = "211",
      pages          = "7",
      doi            = "10.1088/0067-0049/211/1/7",
      year           = "2014",
      eprint         = "1310.2314",
      archivePrefix  = "arXiv",
      primaryClass   = "astro-ph.IM",
      SLACcitation   = "%%CITATION = ARXIV:1310.2314;%%",
}


@article{Aasi:2013jya,
      author         = "Aasi, J. and others",
      title          = "{Directed search for continuous gravitational waves from
                        the Galactic center}",
      collaboration  = "LIGO Scientific Collaboration, Virgo Collaboration",
      journal        = "Phys.Rev.",
      number         = "10",
      volume         = "D88",
      pages          = "102002",
      doi            = "10.1103/PhysRevD.88.102002",
      year           = "2013",
      eprint         = "1309.6221",
      archivePrefix  = "arXiv",
      primaryClass   = "gr-qc",
      reportNumber   = "LIGO-P1300037",
      SLACcitation   = "%%CITATION = ARXIV:1309.6221;%%",
}


@article{TheLIGOScientific:2013cya,
      author         = "Aasi, J. and others",
      title          = "{Search for long-lived gravitational-wave transients
                        coincident with long gamma-ray bursts}",
      collaboration  = " The LIGO Scientific Collaboration,  the Virgo
                        Collaboration",
      journal        = "Phys.Rev.",
      volume         = "D88",
      pages          = "122004",
      doi            = "10.1103/PhysRevD.88.122004",
      year           = "2013",
      eprint         = "1309.6160",
      archivePrefix  = "arXiv",
      primaryClass   = "astro-ph.HE",
      SLACcitation   = "%%CITATION = ARXIV:1309.6160;%%",
}


@article{Aasi:2013sia,
      author         = "Aasi, J. and others",
      title          = "{Gravitational waves from known pulsars: results from the
                        initial detector era}",
      collaboration  = "The LIGO Scientific Collaboration",
      journal        = "Astrophys.J.",
      volume         = "785",
      pages          = "119",
      doi            = "10.1088/0004-637X/785/2/119",
      year           = "2014",
      eprint         = "1309.4027",
      archivePrefix  = "arXiv",
      primaryClass   = "astro-ph.HE",
      reportNumber   = "LIGO-DOCUMENT-NO.-LIGO-P1200104",
      SLACcitation   = "%%CITATION = ARXIV:1309.4027;%%",
}


@article{PhysRevD.85.122007,
  title = {All-sky search for gravitational-wave bursts in the second joint LIGO-Virgo run},
  author = {Abadie, J. and others},
  journal = {Phys. Rev. D},
  volume = {85},
  pages = {122007},
  year = {2012}
}

@article{PhysRevD.85.102004,
  title = {Search for gravitational waves from intermediate mass binary black holes},
  author = {Abadie, J. and others},
  journal = {Phys. Rev. D},
  volume = {85},
  pages = {102004},
  year = {2012},
}  

@article{PhysRevD.85.122001,
  title = {Upper limits on a stochastic gravitational-wave background using LIGO and Virgo interferometers at 600--1000~Hz},
  author = {Abadie, J. and others},
  journal = {Phys. Rev. D},
  volume = {85},
  pages = {122001},
  year = {2012}
}

@article{PhysRevD.85.022001,
  title = {All-sky search for periodic gravitational waves in the full S5 LIGO data},
  author = {Abadie, J. and others},
  journal = {Phys. Rev. D},
  volume = {85},
  pages = {022001},
  year = {2012}
  }

@article{Virgo:2011aa,
      author         = "Abadie, J. and others",
      title          = "{Implementation and testing of the first prompt search for gravitational wave transients with electromagnetic counterparts}",
      year           = "2012",
      journal = "Astronomy and Astrophysics",
      volume = 539,
      pages = "A124"
}

@article{Abadie:2011md,
      author         = "Abadie, J. and others",
      title          = "{Beating the spin-down limit on gravitational wave
                        emission from the Vela pulsar}",
      journal        = "Astrophys.J.",
      volume         = "737",
      pages          = "93",
      year           = "2011"
}

@article{Abadie:2010wx,
      author         = "Abadie, J. and others",
      title          = "{Search for Gravitational Wave Bursts from Six
                        Magnetars}",
      collaboration  = "The LIGO Scientic Collaboration and the Virgo
                        Collaboration",
      journal        = "Astrophys.J.",
      volume         = "734",
      pages          = "L35",
      year           = "2011",
      eprint         = "1011.4079",
      archivePrefix  = "arXiv",
      primaryClass   = "astro-ph.HE",
}

@article{Abadie:2010sf,
      author         = "Abadie, J. and others",
      title          = "{A search for gravitational waves associated with the
                        August 2006 timing glitch of the Vela pulsar}",
      collaboration  = "LIGO Collaboration",
      journal        = "Phys.Rev.",
      volume         = "D83",
      pages          = "042001",
      doi            = "10.1103/PhysRevD.83.042001, 10.1103/PhysRevD.83.069902,
                        10.1103/PhysRevD.83.042001, 10.1103/PhysRevD.83.069902",
      year           = "2011",
      eprint         = "1011.1357",
      archivePrefix  = "arXiv",
      primaryClass   = "gr-qc",
}


@Article{Abadie:2010hv,
     author    = "Abadie, J. and others",
 collaboration = "LIGO Scientific",
     title     = "{First search for gravitational waves from the youngest
                  known neutron star}",
     journal   = "Astrophys. J.",
     volume    = "722",
     year      = "2010",
     pages     = "1504-1513",
     eprint    = "1006.2535",
     archivePrefix = "arXiv",
     primaryClass  =  "Unknown",
     doi       = "10.1088/0004-637X/722/2/1504",
     SLACcitation  = "%%CITATION = 1006.2535;%%"
}

@Article{Abadie:2010px,
     author    = "Abadie, J. and others",
 collaboration = "LIGO Scientific",
     title     = "{Calibration of the LIGO Gravitational Wave Detectors in
                  the Fifth Science Run}",
     journal   = "Nucl. Instrum. Meth.",
     volume    = "A624",
     year      = "2010",
     pages     = "223-240",
     eprint    = "1007.3973",
     archivePrefix = "arXiv",
     primaryClass  =  "gr-qc",
     doi       = "10.1016/j.nima.2010.07.089",
     SLACcitation  = "%%CITATION = 1007.3973;%%"
}

@Article{Abadie:2010mt,
     author    = "Abadie, J. and others",
 collaboration = "The LIGO Scientific and The Virgo",
     title     = "{All-sky search for gravitational-wave bursts in the first
                  joint LIGO-GEO-Virgo run}",
     journal   = "Phys. Rev.",
     volume    = "D81",
     year      = "2010",
     pages     = "102001",
     eprint    = "1002.1036",
     archivePrefix = "arXiv",
     primaryClass  =  "gr-qc",
     doi       = "10.1103/PhysRevD.81.102001",
     SLACcitation  = "%%CITATION = 1002.1036;%%"
}

@Article{Collaboration:2009kk,
     author    = "Abbott, B. P. and others",
 collaboration = "Virgo",
     title     = "{Search for gravitational-wave bursts associated with
                  gamma-ray bursts using data from LIGO Science Run 5 and
                  Virgo Science Run 1}",
     journal   = "Astrophys. J.",
     volume    = "715",
     year      = "2010",
     pages     = "1438-1452",
     eprint    = "0908.3824",
     archivePrefix = "arXiv",
     primaryClass  =  "astro-ph.HE",
     doi       = "10.1088/0004-637X/715/2/1438",
     SLACcitation  = "%%CITATION = 0908.3824;%%"
}

@Article{Collaboration:2009rfa,
     author    = "Collaboration, The LIGO Scientific and others",
 collaboration = "The Virgo",
     title     = "{Searches for gravitational waves from known pulsars with
                  S5 LIGO data}",
     journal   = "Astrophys. J.",
     volume    = "713",
     year      = "2010",
     pages     = "671-685",
     eprint    = "0909.3583",
     archivePrefix = "arXiv",
     primaryClass  =  "astro-ph.HE",
     doi       = "10.1088/0004-637X/713/1/671",
     SLACcitation  = "%%CITATION = 0909.3583;%%"
}

@Article{Abbott:2009zi,
     author    = "Abbott, B. P. and others",
 collaboration = "LIGO Scientific",
     title     = "{Search for gravitational-wave bursts in the first year of
                  the fifth LIGO science run}",
     journal   = "Phys. Rev.",
     volume    = "D80",
     year      = "2009",
     pages     = "102001",
     eprint    = "0905.0020",
     archivePrefix = "arXiv",
     primaryClass  =  "gr-qc",
     doi       = "10.1103/PhysRevD.80.102001",
     SLACcitation  = "%%CITATION = 0905.0020;%%"
}

@Article{:2009up,
     author    = "Abbott, B. P. and others",
 collaboration = "LIGO Scientific",
     title     = "{Search for High Frequency Gravitational Wave Bursts in the
                  First Calendar Year of LIGO's Fifth Science Run}",
     journal   = "Phys. Rev.",
     volume    = "D80",
     year      = "2009",
     pages     = "102002",
     eprint    = "0904.4910",
     archivePrefix = "arXiv",
     primaryClass  =  "gr-qc",
     doi       = "10.1103/PhysRevD.80.102002",
     SLACcitation  = "%%CITATION = 0904.4910;%%"
}

@Article{Abbott:nature,
     author    = "Abbott, B. P. and others",
 collaboration = "LIGO Scientific",
 title = "An upper limit on the stochastic gravitational-wave background of
   cosmological origin",
 journal = "Nature",
 volume = 460,
 pages = 990,
 doi = "10.1038/nature08278",
 year = 2009
}

@Article{Abbott:2009zz,
     author    = "Abbott, B. and others",
 collaboration = "LIGO Scientific",
     title     = "{Observation of a kilogram-scale oscillator near its
                  quantum ground state}",
     journal   = "New J. Phys.",
     volume    = "11",
     year      = "2009",
     pages     = "073032",
     doi       = "10.1088/1367-2630/11/7/073032",
     SLACcitation  = "%%CITATION = NJOPF,11,073032;%%"
}


@Article{Abbott:2009rr,
     author    = "Abbott, B. P. and others",
 collaboration = "LIGO Scientific",
     title     = "{First LIGO search for gravitational wave bursts from
                  cosmic (super)strings}",
     journal   = "Phys. Rev.",
     volume    = "D80",
     year      = "2009",
     pages     = "062002",
     eprint    = "0904.4718",
     archivePrefix = "arXiv",
     primaryClass  =  "astro-ph.CO",
     doi       = "10.1103/PhysRevD.80.062002",
     SLACcitation  = "%%CITATION = 0904.4718;%%"
}

@Article{Collaboration:2009nc,
     author    = "Abbott, B. P. and others",
 collaboration = "LIGO Scientific",
     title     = "{Einstein@Home search for periodic gravitational waves in
                  early S5 LIGO data}",
     journal   = "Phys. Rev.",
     volume    = "D80",
     year      = "2009",
     pages     = "042003",
     eprint    = "0905.1705",
     archivePrefix = "arXiv",
     primaryClass  =  "gr-qc",
     doi       = "10.1103/PhysRevD.80.042003",
     SLACcitation  = "%%CITATION = 0905.1705;%%"
}

@Article{Collaboration:2009zd,
     author    = "Abbott, B. P. and others",
 collaboration = "LIGO Scientic",
     title     = "{Stacked Search for Gravitational Waves from the 2006 SGR
                  1900+14 Storm}",
     journal   = "Astrophys. J.",
     volume    = "701",
     year      = "2009",
     pages     = "L68-L74",
     eprint    = "0905.0005",
     archivePrefix = "arXiv",
     primaryClass  =  "astro-ph.HE",
     doi       = "10.1088/0004-637X/701/2/L68",
     SLACcitation  = "%%CITATION = 0905.0005;%%"
}

@Article{Abbott:2008rg,
     author    = "Abbott, B. and others",
 collaboration = "LIGO Scientific",
     title     = "{All-sky LIGO Search for Periodic Gravitational Waves in
                  the Early S5 Data}",
     journal   = "Phys. Rev. Lett.",
     volume    = "102",
     year      = "2009",
     pages     = "111102",
     eprint    = "0810.0283",
     archivePrefix = "arXiv",
     primaryClass  =  "gr-qc",
     doi       = "10.1103/PhysRevLett.102.111102",
     SLACcitation  = "%%CITATION = 0810.0283;%%"
}

@Article{Abbott:2008gj,
     author    = "Abbott, B. and others",
 collaboration = "LIGO Scientific",
     title     = "{Search for Gravitational Wave Bursts from Soft Gamma
                  Repeaters}",
     journal   = "Phys. Rev. Lett.",
     volume    = "101",
     year      = "2008",
     pages     = "211102",
     eprint    = "0808.2050",
     archivePrefix = "arXiv",
     primaryClass  =  "astro-ph",
     doi       = "10.1103/PhysRevLett.101.211102",
     SLACcitation  = "%%CITATION = 0808.2050;%%"
}

@Article{Abbott:2008be,
     author    = "Abbott, B. and others",
 collaboration = "LIGO Scientific",
     title     = "{First joint search for gravitational-wave bursts in LIGO
                  and GEO600 data}",
     journal   = "Class. Quant. Grav.",
     volume    = "25",
     year      = "2008",
     pages     = "245008",
     eprint    = "0807.2834",
     archivePrefix = "arXiv",
     primaryClass  =  "gr-qc",
     doi       = "10.1088/0264-9381/25/24/245008",
     SLACcitation  = "%%CITATION = 0807.2834;%%"
}

@Article{Abbott:2008fx,
     author    = "Abbott, B. and others",
 collaboration = "The LIGO Scientific",
     title     = "{Beating the spin-down limit on gravitational wave emission
                  from the Crab pulsar}",
     journal   = "Astrophys. J.",
     volume    = "683",
     year      = "2008",
     pages     = "L45-L50",
     eprint    = "0805.4758",
     archivePrefix = "arXiv",
     primaryClass  =  "astro-ph",
     doi       = "10.1086/591526",
     SLACcitation  = "%%CITATION = 0805.4758;%%"
}

@Article{Abbott:2008uq,
     author    = "Abbott, B. and others",
 collaboration = "LIGO Scientific",
     title     = "{The Einstein@Home search for periodic gravitational waves
                  in LIGO S4 data}",
     journal   = "Phys. Rev.",
     volume    = "D79",
     year      = "2009",
     pages     = "022001",
     eprint    = "0804.1747",
     archivePrefix = "arXiv",
     primaryClass  =  "gr-qc",
     doi       = "10.1103/PhysRevD.79.022001",
     SLACcitation  = "%%CITATION = 0804.1747;%%"
}

@Article{Abbott:2008zz,
     author    = "Abbott, B. and others",
 collaboration = "LIGO Scientific",
     title     = "{Search for gravitational waves associated with 39 gamma-
                  ray bursts using data from the second, third, and fourth
                  LIGO runs}",
     journal   = "Phys. Rev.",
     volume    = "D77",
     year      = "2008",
     pages     = "062004",
     doi       = "10.1103/PhysRevD.77.062004",
     SLACcitation  = "%%CITATION = PHRVA,D77,062004;%%"
}

@Article{Abbott:2008mr,
     author    = "Abbott, B. and others",
 collaboration = "LIGO Scientific",
     title     = "{Astrophysically Triggered Searches for Gravitational
                  Waves: Status and Prospects}",
     journal   = "Class. Quant. Grav.",
     volume    = "25",
     year      = "2008",
     pages     = "114051",
     eprint    = "0802.4320",
     archivePrefix = "arXiv",
     primaryClass  =  "gr-qc",
     doi       = "10.1088/0264-9381/25/11/114051",
     SLACcitation  = "%%CITATION = 0802.4320;%%"
}

@Article{Collaboration:2007paa,
     author    = "Baggio, L. and others",
 collaboration = "AURIGA",
     title     = "{A Joint Search for Gravitational Wave Bursts with AURIGA
                  and LIGO}",
     journal   = "Class. Quant. Grav.",
     volume    = "25",
     year      = "2008",
     pages     = "095004",
     eprint    = "0710.0497",
     archivePrefix = "arXiv",
     primaryClass  =  "gr-qc",
     doi       = "10.1088/0264-9381/25/9/095004",
     SLACcitation  = "%%CITATION = 0710.0497;%%"
}

@Article{Abbott:2007tda,
     author    = "Abbott, B. and others",
 collaboration = "LIGO Scientific",
     title     = "{All-sky search for periodic gravitational waves in LIGO S4
                  data}",
     journal   = "Phys. Rev.",
     volume    = "D77",
     year      = "2008",
     pages     = "022001",
     eprint    = "arXiv:0708.3818 [gr-qc]",
     SLACcitation  = "%%CITATION = ARXIV:0708.3818;%%"
}

@Article{Beauville:2007kn,
     author    = "Beauville, F. and others",
 collaboration = "LIGO-Virgo working group",
     title     = "{A comparison of methods for gravitational wave burst
                  searches from LIGO and Virgo}",
     journal   = "Class. Quant. Grav.",
     volume    = "25",
     year      = "2008",
     pages     = "045002",
     eprint    = "gr-qc/0701026",
     SLACcitation  = "%%CITATION = GR-QC/0701026;%%"
}


@Article{Abbott:2007ce,
     author    = "Abbott, B. and others",
 collaboration = "LIGO Scientific",
     title     = "{Upper limits on gravitational wave emission from 78 radio
                  pulsars}",
     journal   = "Phys. Rev.",
     volume    = "D76",
     year      = "2007",
     pages     = "042001",
     eprint    = "gr-qc/0702039",
     SLACcitation  = "%%CITATION = GR-QC/0702039;%%"
}

@Article{Abbott:2007wu,
     author    = "Abbott, B. and others",
 collaboration = "LIGO Scientific",
     title     = "{Search for gravitational-wave bursts in LIGO data from the
                  fourth science run}",
     journal   = "Class. Quant. Grav.",
     volume    = "24",
     year      = "2007",
     pages     = "5343-5370",
     eprint    = "arXiv:0704.0943 [gr-qc]",
     SLACcitation  = "%%CITATION = ARXIV:0704.0943;%%"
}

@Article{Abbott:2007zzb,
     author    = "Abbott, B. and others",
 collaboration = "LIGO Scientific",
     title     = "{Search for gravitational wave radiation associated with
                  the pulsating   tail of the SGR 1806-20 hyperflare of 27
                  December 2004 using LIGO}",
     journal   = "Phys. Rev.",
     volume    = "D76",
     year      = "2007",
     pages     = "062003",
     eprint    = "astro-ph/0703419",
     SLACcitation  = "%%CITATION = ASTRO-PH/0703419;%%"
}

@Article{Abbott:2007wd,
     author    = "Abbott, B. and others",
 collaboration = "ALLEGRO",
     title     = "{First cross-correlation analysis of interferometric and
                  resonant-bar gravi-tational-wave data for stochastic
                  backgrounds}",
     journal   = "Phys. Rev.",
     volume    = "D76",
     year      = "2007",
     pages     = "022001",
     eprint    = "gr-qc/0703068",
     SLACcitation  = "%%CITATION = GR-QC/0703068;%%"
}

@Article{Abbott:2007tw,
     author    = "Abbott, B. and others",
 collaboration = "LIGO Scientific",
     title     = "{Upper limit map of a background of gravitational waves}",
     journal   = "Phys. Rev.",
     volume    = "D76",
     year      = "2007",
     pages     = "082003",
     eprint    = "astro-ph/0703234",
     SLACcitation  = "%%CITATION = ASTRO-PH/0703234;%%"
}

@Article{Abbott:2006zx,
     author    = "Abbott, B. and others",
 collaboration = "LIGO",
     title     = "{Searching for a stochastic background of gravitational
                  waves with LIGO}",
     journal   = "Astrophys. J.",
     volume    = "659",
     year      = "2007",
     pages     = "918-930",
     eprint    = "astro-ph/0608606",
     SLACcitation  = "%%CITATION = ASTRO-PH/0608606;%%"
}

@Article{Harry:2003xu,
     author    = "Harry, G. M. and others",
 collaboration = "LIGO Scientific",
     title     = "{The LIGO gravitational wave obervatories: Recent results
                  and future plans}",
     year = 2003,
     note      = "Proceedings of the 10th Marcel Grossmann Meeting, Rio de Janeiro, Brazil, 20-26 Jul 2003"
}


@Article{Abbott:2006vg,
     author    = "Abbott, B. and others",
 collaboration = "LIGO Scientific",
     title     = "{Coherent searches for periodic gravitational waves from
                  unknown  isolated sources and Scorpius X-1: Results from
                  the second LIGO science  run}",
     journal   = "Phys. Rev.",
     volume    = "D76",
     year      = "2007",
     pages     = "082001",
     eprint    = "gr-qc/0605028",
     SLACcitation  = "%%CITATION = GR-QC/0605028;%%"
}

@Article{Abbott:2005at,
     author    = "Abbott, B. and others",
 collaboration = "LIGO Scientific",
     title     = "{Search for gravitational wave bursts in LIGO's third
                  science run}",
     journal   = "Class. Quant. Grav.",
     volume    = "23",
     year      = "2006",
     pages     = "S29-S39",
     eprint    = "gr-qc/0511146",
     SLACcitation  = "%%CITATION = GR-QC/0511146;%%"
}


@Article{Abbott:2005pu,
     author    = "Abbott, B. and others",
 collaboration = "LIGO Scientific",
     title     = "{First all-sky upper limits from LIGO on the strength of
                  periodic  gravitational waves using the Hough transform}",
     journal   = "Phys. Rev.",
     volume    = "D72",
     year      = "2005",
     pages     = "102004",
     eprint    = "gr-qc/0508065",
     SLACcitation  = "%%CITATION = GR-QC/0508065;%%"
}

@Article{Abbott:2005rt,
     author    = "Abbott, B. and others",
 collaboration = "TAMA",
     title     = "{Upper limits from the LIGO and TAMA detectors on the rate
                  of  gravitational-wave bursts}",
     journal   = "Phys. Rev.",
     volume    = "D72",
     year      = "2005",
     pages     = "122004",
     eprint    = "gr-qc/0507081",
     SLACcitation  = "%%CITATION = GR-QC/0507081;%%"
}

@Article{Abbott:2005ez,
     author    = "Abbott, B. and others",
 collaboration = "LIGO",
     title     = "{Upper limits on a stochastic background of gravitational
                  waves}",
     journal   = "Phys. Rev. Lett.",
     volume    = "95",
     year      = "2005",
     pages     = "221101",
     eprint    = "astro-ph/0507254",
     SLACcitation  = "%%CITATION = ASTRO-PH/0507254;%%"
}

@Article{Abbott:2005fb,
     author    = "Abbott, B. and others",
 collaboration = "LIGO Scientific",
     title     = "{Upper limits on gravitational wave bursts in LIGO's second
                  science run}",
     journal   = "Phys. Rev.",
     volume    = "D72",
     year      = "2005",
     pages     = "062001",
     eprint    = "gr-qc/0505029",
     SLACcitation  = "%%CITATION = GR-QC/0505029;%%"
}
@Article{Abbott:2005yy,
     author    = "Abbott, B. and others",
 collaboration = "LIGO Scientific",
     title     = "{A search for gravitational waves associated with the gamma
                  ray burst  GRB030329 using the LIGO detectors}",
     journal   = "Phys. Rev.",
     volume    = "D72",
     year      = "2005",
     pages     = "042002",
     eprint    = "gr-qc/0501068",
     SLACcitation  = "%%CITATION = GR-QC/0501068;%%"
}

@Article{Blackburn:2005qv,
     author    = "Blackburn, L. and others",
     title     = "A first comparison of search methods for gravitational wave
                  bursts using LIGO and Virgo simulated data",
     journal   = "Class. Quant. Grav.",
     volume    = "22",
     year      = "2005",
     pages     = "S1293-S1302",
     eprint    = "gr-qc/0504060",
     SLACcitation  = "%%CITATION = GR-QC 0504060;%%"
}
@Article{Abbott:2004rt,
     author    = "Abbott, B. and others",
 collaboration = "LIGO",
     title     = "{First upper limits from ligo on gravitational wave
                  bursts}",
     journal   = "Phys. Rev.",
     volume    = "D69",
     year      = "2004",
     pages     = "102001",
     SLACcitation  = "%%CITATION = PHRVA,D69,102001;%%"
}

@Article{Abbott:2003yq,
     author    = "Abbott, B. and others",
 collaboration = "LIGO Scientific",
     title     = "{Setting upper limits on the strength of periodic
                  gravitational waves  using the first science data from the
                  GEO 600 and LIGO detectors}",
     journal   = "Phys. Rev.",
     volume    = "D69",
     year      = "2004",
     pages     = "082004",
     eprint    = "gr-qc/0308050",
     SLACcitation  = "%%CITATION = GR-QC/0308050;%%"
}

@Article{Abbott:2003hr,
     author    = "Abbott, B. and others",
 collaboration = "LIGO Scientific",
     title     = "{Analysis of first LIGO science data for stochastic
                  gravitational waves}",
     journal   = "Phys. Rev.",
     volume    = "D69",
     year      = "2004",
     pages     = "122004",
     eprint    = "gr-qc/0312088",
     archivePrefix = "arXiv",
     doi       = "10.1103/PhysRevD.69.122004",
     SLACcitation  = "%%CITATION = GR-QC/0312088;%%"
}

@Article{Abbott:2003pb,
     author    = "Abbott, B. and others",
 collaboration = "LIGO Scientific",
     title     = "{First upper limits from LIGO on gravitational wave
                  bursts}",
     journal   = "Class. Quant. Grav.",
     volume    = "21",
     year      = "2004",
     pages     = "S677-S684",
     SLACcitation  = "%%CITATION = CQGRD,21,S677;%%"
}

@Article{Allen:2003ww,
     author    = "Allen, Bruce and others",
 collaboration = "LIGO Scientific",
     title     = "{Upper limits on the strength of periodic gravitational
                  waves from PSR  J1939+2134}",
     journal   = "Class. Quant. Grav.",
     volume    = "21",
     year      = "2004",
     pages     = "S671-S676",
     eprint    = "gr-qc/0311023",
     archivePrefix = "arXiv",
     SLACcitation  = "%%CITATION = GR-QC/0311023;%%"
}



