@ARTICLE{2018arXiv180704728W,
   author = {{Withers}, A. and {Bockelman}, B. and {Weitzel}, D. and {Brown}, D. and 
	{Gaynor}, J. and {Basney}, J. and {Tannenbaum}, T. and {Miller}, Z.
	},
    title = "{SciTokens: Capability-Based Secure Access to Remote Scientific Data}",
  journal = {ArXiv e-prints},
archivePrefix = "arXiv",
   eprint = {1807.04728},
 primaryClass = "cs.DC",
 keywords = {Computer Science - Distributed, Parallel, and Cluster Computing},
     year = 2018,
    month = jul,
   adsurl = {http://adsabs.harvard.edu/abs/2018arXiv180704728W},
  adsnote = {Provided by the SAO/NASA Astrophysics Data System}
}


@article{De:2018uhw,
      author         = "De, Soumi and Finstad, Daniel and Lattimer, James M. and
                        Brown, Duncan A. and Berger, Edo and Biwer, Christopher
                        M.",
      title          = "{Constraining the nuclear equation of state with
                        GW170817}",
      year           = "2018",
      eprint         = "1804.08583",
      archivePrefix  = "arXiv",
      primaryClass   = "astro-ph.HE",
      SLACcitation   = "%%CITATION = ARXIV:1804.08583;%%"
}

@article{Belczynski:2017gds,
      author         = "Belczynski, K. and Klencki, J. and Meynet, G and Fryer, C. L. and Brown, D. A. and others",
      title          = "{GW170104 and the origin of heavy, low-spin binary black holes via classical isolated binary evolution}",
      year           = "2017",
      eprint         = "1706.07053",
      archivePrefix  = "arXiv",
      primaryClass   = "astro-ph.HE",
      SLACcitation   = "%%CITATION = ARXIV:1706.07053;%%"

}

